<?xml version="1.0" encoding="UTF-8"?>
<!DOCTYPE html PUBLIC "-//W3C//DTD XHTML 1.0 Transitional//EN"
    "http://www.w3.org/TR/xhtml1/DTD/xhtml1-transitional.dtd">
<html xmlns="http://www.w3.org/1999/xhtml" xml:lang="en" lang="en">
 <head>
  <title>
</title>
<meta http-equiv="Content-Type" content="text/html;charset=utf-8" />
  <meta name='ocr-system' content='tesseract 3.04.00' />
  <meta name='ocr-capabilities' content='ocr_page ocr_carea ocr_par ocr_line ocrx_word'/>
</head>
<body>
  <div class='ocr_page' id='page_1' title='image "./doctorisseraphic06bona_0547.png"; bbox 0 0 2296 3316; ppageno 0'>
   <div class='ocr_carea' id='block_1_1' title="bbox 1 514 105 586">
    <p class='ocr_par' dir='ltr' id='par_1_1' title="bbox 1 514 105 586">
     <span class='ocr_line' id='line_1_1' title="bbox 1 514 105 547; baseline -0.029 -6"><span class='ocrx_word' id='word_1_1' title='bbox 1 514 75 547; x_wconf 53' lang='lat' dir='ltr'>sunda,</span> <span class='ocrx_word' id='word_1_2' title='bbox 85 519 105 538; x_wconf 84' lang='lat' dir='ltr'>in</span> 
     </span>
     <span class='ocr_line' id='line_1_2' title="bbox 7 547 98 586; baseline -0.022 0"><span class='ocrx_word' id='word_1_3' title='bbox 7 574 11 586; x_wconf 68' lang='grc' dir='ltr'>ι</span> <span class='ocrx_word' id='word_1_4' title='bbox 17 547 98 586; x_wconf 57' lang='grc' dir='ltr'>ῗᾶἦῗέῗιῖ.</span> 
     </span>
    </p>
   </div>
   <div class='ocr_carea' id='block_1_2' title="bbox 12 677 16 769">
    <p class='ocr_par' dir='ltr' id='par_1_2' title="bbox 12 677 16 769">
     <span class='ocr_line' id='line_1_3' title="bbox 14 677 16 693; baseline 0 0"><span class='ocrx_word' id='word_1_5' title='bbox 14 677 16 693; x_wconf 80' lang='lat' dir='ltr'>l</span> 
     </span>
     <span class='ocr_line' id='line_1_4' title="bbox 12 707 16 733; baseline 0 0"><span class='ocrx_word' id='word_1_6' title='bbox 12 707 16 733; x_wconf 71' lang='lat' dir='ltr'>&#39;l</span> 
     </span>
     <span class='ocr_line' id='line_1_5' title="bbox 14 743 16 769; baseline 0 0"><span class='ocrx_word' id='word_1_7' title='bbox 14 743 16 769; x_wconf 73' lang='lat' dir='ltr'>l</span> 
     </span>
    </p>
   </div>
   <div class='ocr_carea' id='block_1_3' title="bbox 8 983 101 1102">
    <p class='ocr_par' dir='ltr' id='par_1_3' title="bbox 8 983 101 1102">
     <span class='ocr_line' id='line_1_6' title="bbox 12 983 101 1011; baseline 0 -8"><span class='ocrx_word' id='word_1_8' title='bbox 12 983 101 1011; x_wconf 71' lang='lat' dir='ltr'>‹otlocatin</span> 
     </span>
     <span class='ocr_line' id='line_1_7' title="bbox 12 1011 101 1032; baseline 0 -6"><span class='ocrx_word' id='word_1_9' title='bbox 12 1011 71 1032; x_wconf 68' lang='lat' dir='ltr'>&#39;spons</span> <span class='ocrx_word' id='word_1_10' title='bbox 81 1013 101 1026; x_wconf 82' lang='lat' dir='ltr'>m</span> 
     </span>
     <span class='ocr_line' id='line_1_8' title="bbox 8 1031 79 1051; baseline -0.014 0"><span class='ocrx_word' id='word_1_11' title='bbox 8 1031 79 1051; x_wconf 67' lang='lat' dir='ltr'>nutem.</span> 
     </span>
     <span class='ocr_line' id='line_1_9' title="bbox 12 1054 101 1074; baseline -0.011 0"><span class='ocrx_word' id='word_1_12' title='bbox 12 1054 55 1074; x_wconf 55' lang='lat' dir='ltr'>tatio</span> <span class='ocrx_word' id='word_1_13' title='bbox 67 1054 101 1073; x_wconf 85' lang='lat' dir='ltr'>du-</span> 
     </span>
     <span class='ocr_line' id='line_1_10' title="bbox 12 1077 71 1102; baseline 0.017 -6"><span class='ocrx_word' id='word_1_14' title='bbox 12 1079 13 1096; x_wconf 73' lang='lat' dir='ltr'>i</span> <span class='ocrx_word' id='word_1_15' title='bbox 23 1077 71 1102; x_wconf 80' lang='lat' dir='ltr'>plex.</span> 
     </span>
    </p>
   </div>
   <div class='ocr_carea' id='block_1_4' title="bbox 11 1133 13 1162">
    <p class='ocr_par' dir='ltr' id='par_1_4' title="bbox 11 1133 13 1162">
     <span class='ocr_line' id='line_1_11' title="bbox 11 1133 13 1162; baseline 0 0"><span class='ocrx_word' id='word_1_16' title='bbox 11 1133 13 1162; x_wconf 70' lang='lat' dir='ltr'>l</span> 
     </span>
    </p>
   </div>
   <div class='ocr_carea' id='block_1_5' title="bbox 3 2710 7 3255">
    <p class='ocr_par' dir='ltr' id='par_1_5' title="bbox 3 2710 7 3255">
     <span class='ocr_line' id='line_1_12' title="bbox 3 2710 7 3255; baseline 0 0"><span class='ocrx_word' id='word_1_17' title='bbox 3 2710 7 3255; x_wconf 95' lang='lat' dir='ltr'> </span> 
     </span>
    </p>
   </div>
   <div class='ocr_carea' id='block_1_6' title="bbox 733 153 1261 183">
    <p class='ocr_par' dir='ltr' id='par_1_6' title="bbox 733 153 1261 183">
     <span class='ocr_line' id='line_1_13' title="bbox 733 153 1261 183; baseline 0.004 -2"><span class='ocrx_word' id='word_1_18' title='bbox 733 153 902 182; x_wconf 89' lang='lat' dir='ltr'>COMMENT.</span> <span class='ocrx_word' id='word_1_19' title='bbox 926 153 958 182; x_wconf 86' lang='lat' dir='ltr'>[N</span> <span class='ocrx_word' id='word_1_20' title='bbox 979 153 1125 183; x_wconf 79' lang='lat' dir='ltr'><strong>IOANNEM</strong></span> <span class='ocrx_word' id='word_1_21' title='bbox 1146 154 1173 182; x_wconf 93' lang='lat' dir='ltr'>C.</span> <span class='ocrx_word' id='word_1_22' title='bbox 1196 155 1261 183; x_wconf 88' lang='grc' dir='ltr'><strong>ΧΙΧ.</strong></span> 
     </span>
    </p>
   </div>
   <div class='ocr_carea' id='block_1_7' title="bbox 114 231 970 1952">
    <p class='ocr_par' dir='ltr' id='par_1_7' title="bbox 122 231 970 456">
     <span class='ocr_line' id='line_1_14' title="bbox 123 231 969 265; baseline -0.005 -2"><span class='ocrx_word' id='word_1_23' title='bbox 123 234 188 263; x_wconf 91' lang='lat' dir='ltr'>dum</span> <span class='ocrx_word' id='word_1_24' title='bbox 210 233 283 262; x_wconf 91' lang='lat' dir='ltr'>enim</span> <span class='ocrx_word' id='word_1_25' title='bbox 304 232 433 261; x_wconf 87' lang='lat' dir='ltr'>credebat</span> <span class='ocrx_word' id='word_1_26' title='bbox 453 231 702 265; x_wconf 74' lang='lat' dir='ltr'>resurrectionem,</span> <span class='ocrx_word' id='word_1_27' title='bbox 724 231 796 259; x_wconf 88' lang='lat' dir='ltr'>sicut</span> <span class='ocrx_word' id='word_1_28' title='bbox 816 239 867 259; x_wconf 89' lang='lat' dir='ltr'>nec</span> <span class='ocrx_word' id='word_1_29' title='bbox 887 231 969 260; x_wconf 86' lang='lat' dir='ltr'>disci-</span> 
     </span>
     <span class='ocr_line' id='line_1_15' title="bbox 123 277 970 318; baseline -0.004 -9"><span class='ocrx_word' id='word_1_30' title='bbox 123 280 199 318; x_wconf 89' lang='lat' dir='ltr'>puli;</span> <span class='ocrx_word' id='word_1_31' title='bbox 232 283 323 308; x_wconf 88' lang='lat' dir='ltr'>tamen</span> <span class='ocrx_word' id='word_1_32' title='bbox 354 279 475 307; x_wconf 89' lang='lat' dir='ltr'>multum</span> <span class='ocrx_word' id='word_1_33' title='bbox 504 278 629 311; x_wconf 84' lang='lat' dir='ltr'>amabat,</span> <span class='ocrx_word' id='word_1_34' title='bbox 658 277 731 306; x_wconf 91' lang='lat' dir='ltr'>unde</span> <span class='ocrx_word' id='word_1_35' title='bbox 761 278 845 306; x_wconf 89' lang='lat' dir='ltr'>dicit:</span> <span class='ocrx_word' id='word_1_36' title='bbox 876 278 970 314; x_wconf 80' lang='lat' dir='ltr'>Quasi</span> 
     </span>
     <span class='ocr_line' id='line_1_16' title="bbox 123 324 967 362; baseline -0.001 -7"><span class='ocrx_word' id='word_1_37' title='bbox 123 326 215 356; x_wconf 76' lang='lat' dir='ltr'>libras</span> <span class='ocrx_word' id='word_1_38' title='bbox 235 330 367 359; x_wconf 79' lang='lat' dir='ltr'>eentum;</span> <span class='ocrx_word' id='word_1_39' title='bbox 381 334 435 354; x_wconf 91' lang='lat' dir='ltr'>non</span> <span class='ocrx_word' id='word_1_40' title='bbox 456 325 528 354; x_wconf 87' lang='lat' dir='ltr'>enim</span> <span class='ocrx_word' id='word_1_41' title='bbox 546 324 714 361; x_wconf 83' lang='lat' dir='ltr'>intelligebat</span> <span class='ocrx_word' id='word_1_42' title='bbox 734 324 826 353; x_wconf 91' lang='lat' dir='ltr'>adhuc</span> <span class='ocrx_word' id='word_1_43' title='bbox 850 325 923 362; x_wconf 85' lang='lat' dir='ltr'>quod</span> <span class='ocrx_word' id='word_1_44' title='bbox 939 325 967 354; x_wconf 92' lang='lat' dir='ltr'>in</span> 
     </span>
     <span class='ocr_line' id='line_1_17' title="bbox 123 371 967 402; baseline -0.001 0"><span class='ocrx_word' id='word_1_45' title='bbox 123 373 249 402; x_wconf 83' lang='lat' dir='ltr'>Psalm0¹</span> <span class='ocrx_word' id='word_1_46' title='bbox 274 372 388 400; x_wconf 87' lang='lat' dir='ltr'>dicitur:</span> <span class='ocrx_word' id='word_1_47' title='bbox 414 383 428 396; x_wconf 72' lang='lat' dir='ltr'>&lt;c</span> <span class='ocrx_word' id='word_1_48' title='bbox 443 372 500 399; x_wconf 91' lang='lat' dir='ltr'>Non</span> <span class='ocrx_word' id='word_1_49' title='bbox 524 371 601 399; x_wconf 91' lang='lat' dir='ltr'>dabis</span> <span class='ocrx_word' id='word_1_50' title='bbox 623 372 753 400; x_wconf 88' lang='lat' dir='ltr'>Sanctum</span> <span class='ocrx_word' id='word_1_51' title='bbox 771 374 851 400; x_wconf 90' lang='lat' dir='ltr'>tuum</span> <span class='ocrx_word' id='word_1_52' title='bbox 873 372 967 401; x_wconf 88' lang='lat' dir='ltr'>videre</span> 
     </span>
     <span class='ocr_line' id='line_1_18' title="bbox 122 419 369 456; baseline -0.012 -7"><span class='ocrx_word' id='word_1_53' title='bbox 122 419 327 456; x_wconf 81' lang='lat' dir='ltr'>corruptionem</span> <span class='ocrx_word' id='word_1_54' title='bbox 343 430 369 446; x_wconf 81' lang='grc'>».</span> 
     </span>
    </p>

    <p class='ocr_par' dir='ltr' id='par_1_8' title="bbox 119 464 966 921">
     <span class='ocr_line' id='line_1_19' title="bbox 201 464 965 502; baseline 0 -8"><span class='ocrx_word' id='word_1_55' title='bbox 201 465 246 494; x_wconf 86' lang='grc'>63.</span> <span class='ocrx_word' id='word_1_56' title='bbox 269 465 358 500; x_wconf 80' lang='lat' dir='ltr'>(Vers.</span> <span class='ocrx_word' id='word_1_57' title='bbox 377 464 446 499; x_wconf 84' lang='lat'>40.).</span> <span class='ocrx_word' id='word_1_58' title='bbox 471 465 651 500; x_wconf 82' lang='lat' dir='ltr'>Acceperunt</span> <span class='ocrx_word' id='word_1_59' title='bbox 671 473 748 502; x_wconf 80' lang='lat' dir='ltr'>er90.</span> <span class='ocrx_word' id='word_1_60' title='bbox 764 465 898 502; x_wconf 80' lang='lat' dir='ltr'>Tangitur</span> <span class='ocrx_word' id='word_1_61' title='bbox 919 465 965 494; x_wconf 91' lang='lat' dir='ltr'>de-</span> 
     </span>
     <span class='ocr_line' id='line_1_20' title="bbox 121 511 966 549; baseline -0.001 -7"><span class='ocrx_word' id='word_1_62' title='bbox 121 512 194 542; x_wconf 87' lang='lat' dir='ltr'>votio</span> <span class='ocrx_word' id='word_1_63' title='bbox 215 511 352 540; x_wconf 90' lang='lat' dir='ltr'>Nicodemi</span> <span class='ocrx_word' id='word_1_64' title='bbox 384 511 412 539; x_wconf 92' lang='lat' dir='ltr'>in</span> <span class='ocrx_word' id='word_1_65' title='bbox 437 511 569 547; x_wconf 74' lang='lat' dir='ltr'>eorporis</span> <span class='ocrx_word' id='word_1_66' title='bbox 593 511 762 540; x_wconf 79' lang='lat' dir='ltr'>conditione.</span> <span class='ocrx_word' id='word_1_67' title='bbox 786 513 966 549; x_wconf 79' lang='lat' dir='ltr'>Aeeeperunt</span> 
     </span>
     <span class='ocr_line' id='line_1_21' title="bbox 120 557 965 596; baseline -0.001 -8"><span class='ocrx_word' id='word_1_68' title='bbox 120 567 205 596; x_wconf 71' lang='lat' dir='ltr'>erqo,</span> <span class='ocrx_word' id='word_1_69' title='bbox 226 558 284 594; x_wconf 93' lang='lat' dir='ltr'>ipse</span> <span class='ocrx_word' id='word_1_70' title='bbox 305 557 408 586; x_wconf 89' lang='lat' dir='ltr'>scilicet</span> <span class='ocrx_word' id='word_1_71' title='bbox 428 560 455 585; x_wconf 92' lang='lat' dir='ltr'>et</span> <span class='ocrx_word' id='word_1_72' title='bbox 469 557 581 593; x_wconf 85' lang='lat' dir='ltr'>Ioseph,</span> <span class='ocrx_word' id='word_1_73' title='bbox 604 566 712 594; x_wconf 81' lang='lat' dir='ltr'>eorpus</span> <span class='ocrx_word' id='word_1_74' title='bbox 734 559 799 586; x_wconf 81' lang='lat' dir='ltr'>lesu</span> <span class='ocrx_word' id='word_1_75' title='bbox 813 562 838 587; x_wconf 85' lang='lat' dir='ltr'>et</span> <span class='ocrx_word' id='word_1_76' title='bbox 859 559 965 596; x_wconf 65' lang='lat' dir='ltr'>ligave-</span> 
     </span>
     <span class='ocr_line' id='line_1_22' title="bbox 120 603 965 642; baseline -0.001 -7"><span class='ocrx_word' id='word_1_77' title='bbox 120 608 192 635; x_wconf 84' lang='lat' dir='ltr'>runt</span> <span class='ocrx_word' id='word_1_78' title='bbox 206 604 279 633; x_wconf 78' lang='lat' dir='ltr'>iliud</span> <span class='ocrx_word' id='word_1_79' title='bbox 293 604 388 632; x_wconf 76' lang='lat' dir='ltr'>linteis</span> <span class='ocrx_word' id='word_1_80' title='bbox 401 606 425 632; x_wconf 85' lang='lat' dir='ltr'>et</span> <span class='ocrx_word' id='word_1_81' title='bbox 439 603 624 632; x_wconf 71' lang='lat' dir='ltr'>aromatibus</span> <span class='ocrx_word' id='word_1_82' title='bbox 635 604 656 638; x_wconf 85' lang='lat'>²,</span> <span class='ocrx_word' id='word_1_83' title='bbox 676 609 884 641; x_wconf 85' lang='lat' dir='ltr'>perunxerunt,</span> <span class='ocrx_word' id='word_1_84' title='bbox 899 614 965 642; x_wconf 90' lang='lat' dir='ltr'>sup-</span> 
     </span>
     <span class='ocr_line' id='line_1_23' title="bbox 120 649 965 689; baseline 0 -9"><span class='ocrx_word' id='word_1_85' title='bbox 120 652 179 689; x_wconf 85' lang='lat' dir='ltr'>ple;</span> <span class='ocrx_word' id='word_1_86' title='bbox 201 651 278 679; x_wconf 82' lang='lat' dir='ltr'>sieut</span> <span class='ocrx_word' id='word_1_87' title='bbox 297 658 359 678; x_wconf 83' lang='lat' dir='ltr'>mos</span> <span class='ocrx_word' id='word_1_88' title='bbox 380 653 421 678; x_wconf 80' lang='lat' dir='ltr'>est</span> <span class='ocrx_word' id='word_1_89' title='bbox 440 649 560 678; x_wconf 80' lang='lat' dir='ltr'>ludaeis</span> <span class='ocrx_word' id='word_1_90' title='bbox 573 650 705 687; x_wconf 81' lang='lat' dir='ltr'>sepelire,</span> <span class='ocrx_word' id='word_1_91' title='bbox 727 651 830 680; x_wconf 89' lang='lat' dir='ltr'>scilicet</span> <span class='ocrx_word' id='word_1_92' title='bbox 852 652 965 680; x_wconf 88' lang='lat' dir='ltr'>honori-</span> 
     </span>
     <span class='ocr_line' id='line_1_24' title="bbox 120 696 965 734; baseline -0.001 -6"><span class='ocrx_word' id='word_1_93' title='bbox 120 699 186 732; x_wconf 86' lang='lat' dir='ltr'>fice;</span> <span class='ocrx_word' id='word_1_94' title='bbox 206 697 318 726; x_wconf 86' lang='lat' dir='ltr'>Genesis</span> <span class='ocrx_word' id='word_1_95' title='bbox 344 696 458 725; x_wconf 88' lang='lat' dir='ltr'>ultimo:</span> <span class='ocrx_word' id='word_1_96' title='bbox 484 707 498 721; x_wconf 84' lang='lat'><strong><em>«</em></strong></span> <span class='ocrx_word' id='word_1_97' title='bbox 513 696 654 734; x_wconf 84' lang='lat' dir='ltr'>Praecepit</span> <span class='ocrx_word' id='word_1_98' title='bbox 681 698 777 734; x_wconf 86' lang='lat' dir='ltr'>loseph</span> <span class='ocrx_word' id='word_1_99' title='bbox 799 698 886 727; x_wconf 89' lang='lat' dir='ltr'>servis</span> <span class='ocrx_word' id='word_1_100' title='bbox 907 699 965 727; x_wconf 88' lang='lat' dir='ltr'>suis</span> 
     </span>
     <span class='ocr_line' id='line_1_25' title="bbox 119 743 965 781; baseline -0.001 -7"><span class='ocrx_word' id='word_1_101' title='bbox 119 743 244 778; x_wconf 88' lang='lat' dir='ltr'>medicis,</span> <span class='ocrx_word' id='word_1_102' title='bbox 266 747 298 772; x_wconf 90' lang='lat' dir='ltr'>ut</span> <span class='ocrx_word' id='word_1_103' title='bbox 326 743 497 772; x_wconf 82' lang='lat' dir='ltr'>aromatibus</span> <span class='ocrx_word' id='word_1_104' title='bbox 527 743 671 773; x_wconf 80' lang='lat' dir='ltr'>condirent</span> <span class='ocrx_word' id='word_1_105' title='bbox 702 747 809 781; x_wconf 89' lang='lat' dir='ltr'>patrem</span> <span class='ocrx_word' id='word_1_106' title='bbox 828 756 854 773; x_wconf 83' lang='grc'>».</span> <span class='ocrx_word' id='word_1_107' title='bbox 877 745 965 781; x_wconf 83' lang='lat' dir='ltr'>Chry—</span> 
     </span>
     <span class='ocr_line' id='line_1_26' title="bbox 119 790 964 827; baseline -0.001 -7"><span class='ocrx_word' id='word_1_108' title='bbox 119 794 256 821; x_wconf 89' lang='lat' dir='ltr'>sostomus</span> <span class='ocrx_word' id='word_1_109' title='bbox 267 790 293 818; x_wconf 81' lang='lat'>³:</span> <span class='ocrx_word' id='word_1_110' title='bbox 321 801 335 815; x_wconf 83' lang='lat'><strong><em>«</em></strong></span> <span class='ocrx_word' id='word_1_111' title='bbox 348 790 489 826; x_wconf 89' lang='lat' dir='ltr'>Sepeliunt</span> <span class='ocrx_word' id='word_1_112' title='bbox 503 790 607 827; x_wconf 83' lang='lat' dir='ltr'>ipsum,</span> <span class='ocrx_word' id='word_1_113' title='bbox 622 799 676 819; x_wconf 92' lang='lat' dir='ltr'>non</span> <span class='ocrx_word' id='word_1_114' title='bbox 691 794 723 819; x_wconf 94' lang='lat' dir='ltr'>ut</span> <span class='ocrx_word' id='word_1_115' title='bbox 737 791 964 826; x_wconf 84' lang='lat' dir='ltr'>condemnatum,</span> 
     </span>
     <span class='ocr_line' id='line_1_27' title="bbox 119 836 964 872; baseline -0.001 -5"><span class='ocrx_word' id='word_1_116' title='bbox 119 838 182 872; x_wconf 89' lang='lat' dir='ltr'>sed,</span> <span class='ocrx_word' id='word_1_117' title='bbox 203 840 235 866; x_wconf 91' lang='lat' dir='ltr'>ut</span> <span class='ocrx_word' id='word_1_118' title='bbox 256 836 426 865; x_wconf 87' lang='lat' dir='ltr'>consuetudo</span> <span class='ocrx_word' id='word_1_119' title='bbox 446 839 488 865; x_wconf 91' lang='lat' dir='ltr'>est</span> <span class='ocrx_word' id='word_1_120' title='bbox 509 837 630 871; x_wconf 88' lang='lat' dir='ltr'>ludaeis,</span> <span class='ocrx_word' id='word_1_121' title='bbox 651 838 770 866; x_wconf 89' lang='lat' dir='ltr'>multum</span> <span class='ocrx_word' id='word_1_122' title='bbox 790 837 894 866; x_wconf 86' lang='lat' dir='ltr'>scilicet</span> <span class='ocrx_word' id='word_1_123' title='bbox 915 838 964 866; x_wconf 89' lang='lat' dir='ltr'>ho-</span> 
     </span>
     <span class='ocr_line' id='line_1_28' title="bbox 119 883 877 921; baseline -0.003 -7"><span class='ocrx_word' id='word_1_124' title='bbox 119 885 247 919; x_wconf 87' lang='lat' dir='ltr'>norifice,</span> <span class='ocrx_word' id='word_1_125' title='bbox 268 887 301 913; x_wconf 95' lang='lat' dir='ltr'>ut</span> <span class='ocrx_word' id='word_1_126' title='bbox 322 892 451 921; x_wconf 86' lang='lat' dir='ltr'>magnum</span> <span class='ocrx_word' id='word_1_127' title='bbox 472 883 610 921; x_wconf 81' lang='lat' dir='ltr'>quendam</span> <span class='ocrx_word' id='word_1_128' title='bbox 632 887 659 912; x_wconf 91' lang='lat' dir='ltr'>et</span> <span class='ocrx_word' id='word_1_129' title='bbox 680 884 834 913; x_wconf 88' lang='lat' dir='ltr'>mirabilem</span> <span class='ocrx_word' id='word_1_130' title='bbox 851 896 877 912; x_wconf 78' lang='lat'>».</span> 
     </span>
    </p>

    <p class='ocr_par' dir='ltr' id='par_1_9' title="bbox 115 930 964 1579">
     <span class='ocr_line' id='line_1_29' title="bbox 198 930 964 968; baseline -0.001 -8"><span class='ocrx_word' id='word_1_131' title='bbox 198 932 242 960; x_wconf 85' lang='lat'>64.</span> <span class='ocrx_word' id='word_1_132' title='bbox 265 931 354 967; x_wconf 89' lang='lat' dir='ltr'>(Vers.</span> <span class='ocrx_word' id='word_1_133' title='bbox 376 931 444 965; x_wconf 88' lang='lat'>41.).</span> <span class='ocrx_word' id='word_1_134' title='bbox 468 931 543 959; x_wconf 79' lang='lat' dir='ltr'>Erat</span> <span class='ocrx_word' id='word_1_135' title='bbox 562 934 660 959; x_wconf 82' lang='lat' dir='ltr'>autem</span> <span class='ocrx_word' id='word_1_136' title='bbox 682 930 713 959; x_wconf 85' lang='lat' dir='ltr'>in</span> <span class='ocrx_word' id='word_1_137' title='bbox 734 930 802 959; x_wconf 75' lang='lat' dir='ltr'>loeo.</span> <span class='ocrx_word' id='word_1_138' title='bbox 819 930 864 959; x_wconf 80' lang='lat' dir='ltr'>llic</span> <span class='ocrx_word' id='word_1_139' title='bbox 886 932 964 968; x_wconf 87' lang='lat' dir='ltr'>poni-</span> 
     </span>
     <span class='ocr_line' id='line_1_30' title="bbox 118 976 962 1014; baseline -0.002 -6"><span class='ocrx_word' id='word_1_140' title='bbox 118 981 165 1008; x_wconf 84' lang='lat' dir='ltr'>tur</span> <span class='ocrx_word' id='word_1_141' title='bbox 179 978 306 1012; x_wconf 86' lang='lat' dir='ltr'>tertium,</span> <span class='ocrx_word' id='word_1_142' title='bbox 321 977 424 1007; x_wconf 87' lang='lat' dir='ltr'>scilicet</span> <span class='ocrx_word' id='word_1_143' title='bbox 444 978 476 1006; x_wconf 84' lang='lat' dir='ltr'>in</span> <span class='ocrx_word' id='word_1_144' title='bbox 499 976 631 1014; x_wconf 78' lang='lat' dir='ltr'>sepulcro</span> <span class='ocrx_word' id='word_1_145' title='bbox 655 976 811 1005; x_wconf 77' lang='lat' dir='ltr'>collocatio.</span> <span class='ocrx_word' id='word_1_146' title='bbox 834 977 865 1006; x_wconf 92' lang='lat' dir='ltr'>Et</span> <span class='ocrx_word' id='word_1_147' title='bbox 879 978 962 1012; x_wconf 91' lang='lat' dir='ltr'>ratio,</span> 
     </span>
     <span class='ocr_line' id='line_1_31' title="bbox 116 1023 963 1063; baseline -0.001 -9"><span class='ocrx_word' id='word_1_148' title='bbox 116 1033 204 1063; x_wconf 90' lang='lat' dir='ltr'>quare</span> <span class='ocrx_word' id='word_1_149' title='bbox 224 1025 252 1054; x_wconf 88' lang='lat' dir='ltr'>in</span> <span class='ocrx_word' id='word_1_150' title='bbox 275 1025 333 1054; x_wconf 92' lang='lat' dir='ltr'>loco</span> <span class='ocrx_word' id='word_1_151' title='bbox 354 1025 400 1053; x_wconf 92' lang='lat' dir='ltr'>illo</span> <span class='ocrx_word' id='word_1_152' title='bbox 422 1024 585 1058; x_wconf 85' lang='lat' dir='ltr'>collocatur,</span> <span class='ocrx_word' id='word_1_153' title='bbox 607 1023 712 1060; x_wconf 83' lang='lat' dir='ltr'>duplex</span> <span class='ocrx_word' id='word_1_154' title='bbox 727 1023 870 1058; x_wconf 88' lang='lat' dir='ltr'>innuitur,</span> <span class='ocrx_word' id='word_1_155' title='bbox 892 1024 963 1053; x_wconf 88' lang='lat' dir='ltr'>scili-</span> 
     </span>
     <span class='ocr_line' id='line_1_32' title="bbox 117 1070 963 1110; baseline -0.002 -8"><span class='ocrx_word' id='word_1_156' title='bbox 117 1075 160 1102; x_wconf 78' lang='lat' dir='ltr'>cet</span> <span class='ocrx_word' id='word_1_157' title='bbox 180 1072 236 1101; x_wconf 81' lang='lat' dir='ltr'>toci</span> <span class='ocrx_word' id='word_1_158' title='bbox 252 1072 423 1110; x_wconf 71' lang='lat' dir='ltr'>eonyruitas</span> <span class='ocrx_word' id='word_1_159' title='bbox 444 1074 471 1100; x_wconf 92' lang='lat' dir='ltr'>et</span> <span class='ocrx_word' id='word_1_160' title='bbox 493 1070 630 1108; x_wconf 77' lang='lat' dir='ltr'>temporis</span> <span class='ocrx_word' id='word_1_161' title='bbox 658 1070 800 1099; x_wconf 77' lang='lat' dir='ltr'>brevitas:</span> <span class='ocrx_word' id='word_1_162' title='bbox 822 1071 878 1099; x_wconf 81' lang='lat' dir='ltr'>loci</span> <span class='ocrx_word' id='word_1_163' title='bbox 897 1080 963 1100; x_wconf 85' lang='lat' dir='ltr'>con-</span> 
     </span>
     <span class='ocr_line' id='line_1_33' title="bbox 115 1117 962 1158; baseline -0.001 -10"><span class='ocrx_word' id='word_1_164' title='bbox 115 1120 248 1158; x_wconf 68' lang='lat' dir='ltr'>gruitas,</span> <span class='ocrx_word' id='word_1_165' title='bbox 270 1119 336 1156; x_wconf 86' lang='lat' dir='ltr'>quia</span> <span class='ocrx_word' id='word_1_166' title='bbox 363 1119 550 1156; x_wconf 89' lang='lat' dir='ltr'>propinquum</span> <span class='ocrx_word' id='word_1_167' title='bbox 579 1120 607 1146; x_wconf 87' lang='lat' dir='ltr'>et</span> <span class='ocrx_word' id='word_1_168' title='bbox 634 1125 752 1150; x_wconf 87' lang='lat' dir='ltr'>novum;</span> <span class='ocrx_word' id='word_1_169' title='bbox 783 1117 855 1147; x_wconf 91' lang='lat' dir='ltr'>unde</span> <span class='ocrx_word' id='word_1_170' title='bbox 882 1118 962 1147; x_wconf 89' lang='lat' dir='ltr'>dicit:</span> 
     </span>
     <span class='ocr_line' id='line_1_34' title="bbox 117 1163 964 1201; baseline -0.002 -5"><span class='ocrx_word' id='word_1_171' title='bbox 117 1168 193 1196; x_wconf 79' lang='lat' dir='ltr'>Erat</span> <span class='ocrx_word' id='word_1_172' title='bbox 212 1170 311 1195; x_wconf 85' lang='lat' dir='ltr'>autem</span> <span class='ocrx_word' id='word_1_173' title='bbox 332 1166 363 1194; x_wconf 92' lang='lat' dir='ltr'>in</span> <span class='ocrx_word' id='word_1_174' title='bbox 384 1165 458 1200; x_wconf 83' lang='lat' dir='ltr'>loeo,</span> <span class='ocrx_word' id='word_1_175' title='bbox 480 1164 532 1193; x_wconf 81' lang='lat' dir='ltr'>ubi</span> <span class='ocrx_word' id='word_1_176' title='bbox 551 1164 715 1201; x_wconf 79' lang='lat' dir='ltr'>crucifixus</span> <span class='ocrx_word' id='word_1_177' title='bbox 736 1168 792 1198; x_wconf 80' lang='lat' dir='ltr'>est,</span> <span class='ocrx_word' id='word_1_178' title='bbox 814 1163 918 1193; x_wconf 74' lang='lat' dir='ltr'>hortus</span> <span class='ocrx_word' id='word_1_179' title='bbox 938 1169 964 1194; x_wconf 83' lang='lat' dir='ltr'>et</span> 
     </span>
     <span class='ocr_line' id='line_1_35' title="bbox 116 1211 963 1246; baseline -0.001 -4"><span class='ocrx_word' id='word_1_180' title='bbox 116 1213 148 1242; x_wconf 85' lang='lat' dir='ltr'>in</span> <span class='ocrx_word' id='word_1_181' title='bbox 169 1212 250 1242; x_wconf 76' lang='lat' dir='ltr'>horto</span> <span class='ocrx_word' id='word_1_182' title='bbox 271 1211 491 1241; x_wconf 72' lang='lat' dir='ltr'>monumentum</span> <span class='ocrx_word' id='word_1_183' title='bbox 510 1220 637 1245; x_wconf 84' lang='lat' dir='ltr'>novum;</span> <span class='ocrx_word' id='word_1_184' title='bbox 658 1214 685 1240; x_wconf 89' lang='lat' dir='ltr'>et</span> <span class='ocrx_word' id='word_1_185' title='bbox 706 1211 766 1240; x_wconf 91' lang='lat' dir='ltr'>ideo</span> <span class='ocrx_word' id='word_1_186' title='bbox 787 1220 906 1246; x_wconf 92' lang='lat' dir='ltr'>novum,</span> <span class='ocrx_word' id='word_1_187' title='bbox 931 1212 963 1241; x_wconf 82' lang='lat' dir='ltr'>in</span> 
     </span>
     <span class='ocr_line' id='line_1_36' title="bbox 115 1257 962 1300; baseline -0.004 -10"><span class='ocrx_word' id='word_1_188' title='bbox 115 1269 172 1300; x_wconf 84' lang='lat' dir='ltr'>quo</span> <span class='ocrx_word' id='word_1_189' title='bbox 192 1261 296 1290; x_wconf 87' lang='lat' dir='ltr'>scilicet</span> <span class='ocrx_word' id='word_1_190' title='bbox 315 1259 445 1288; x_wconf 87' lang='lat' dir='ltr'>nondum</span> <span class='ocrx_word' id='word_1_191' title='bbox 467 1258 625 1297; x_wconf 81' lang='lat' dir='ltr'>quisquam</span> <span class='ocrx_word' id='word_1_192' title='bbox 641 1259 757 1296; x_wconf 81' lang='lat' dir='ltr'>positus</span> <span class='ocrx_word' id='word_1_193' title='bbox 776 1257 878 1296; x_wconf 85' lang='lat' dir='ltr'>fuerat</span> <span class='ocrx_word' id='word_1_194' title='bbox 888 1259 908 1286; x_wconf 75' lang='lat'>4.</span> <span class='ocrx_word' id='word_1_195' title='bbox 931 1259 962 1287; x_wconf 88' lang='lat' dir='ltr'>Et</span> 
     </span>
     <span class='ocr_line' id='line_1_37' title="bbox 115 1305 962 1342; baseline -0.004 -5"><span class='ocrx_word' id='word_1_196' title='bbox 115 1308 170 1337; x_wconf 88' lang='lat' dir='ltr'>tale</span> <span class='ocrx_word' id='word_1_197' title='bbox 189 1310 399 1337; x_wconf 77' lang='lat' dir='ltr'>monumentum</span> <span class='ocrx_word' id='word_1_198' title='bbox 422 1306 537 1334; x_wconf 90' lang='lat' dir='ltr'>Domino</span> <span class='ocrx_word' id='word_1_199' title='bbox 558 1305 740 1342; x_wconf 83' lang='lat' dir='ltr'>congruebat,</span> <span class='ocrx_word' id='word_1_200' title='bbox 763 1308 794 1334; x_wconf 92' lang='lat' dir='ltr'>ut</span> <span class='ocrx_word' id='word_1_201' title='bbox 819 1314 873 1334; x_wconf 89' lang='lat' dir='ltr'>non</span> <span class='ocrx_word' id='word_1_202' title='bbox 894 1306 962 1334; x_wconf 91' lang='lat' dir='ltr'>alte-</span> 
     </span>
     <span class='ocr_line' id='line_1_38' title="bbox 115 1352 961 1390; baseline -0.004 -6"><span class='ocrx_word' id='word_1_203' title='bbox 115 1355 175 1385; x_wconf 91' lang='lat' dir='ltr'>rius</span> <span class='ocrx_word' id='word_1_204' title='bbox 191 1355 385 1384; x_wconf 84' lang='lat' dir='ltr'>aestimaretur</span> <span class='ocrx_word' id='word_1_205' title='bbox 399 1353 470 1382; x_wconf 83' lang='lat' dir='ltr'>facta</span> <span class='ocrx_word' id='word_1_206' title='bbox 490 1352 675 1387; x_wconf 85' lang='lat' dir='ltr'>resurrectio,</span> <span class='ocrx_word' id='word_1_207' title='bbox 697 1353 744 1390; x_wconf 85' lang='lat' dir='ltr'>qui</span> <span class='ocrx_word' id='word_1_208' title='bbox 760 1360 823 1381; x_wconf 90' lang='lat' dir='ltr'>cum</span> <span class='ocrx_word' id='word_1_209' title='bbox 845 1352 961 1381; x_wconf 89' lang='lat' dir='ltr'>Domino</span> 
     </span>
     <span class='ocr_line' id='line_1_39' title="bbox 115 1399 961 1438; baseline -0.005 -7"><span class='ocrx_word' id='word_1_210' title='bbox 115 1402 225 1431; x_wconf 88' lang='lat' dir='ltr'>iaceret.</span> <span class='ocrx_word' id='word_1_211' title='bbox 244 1401 413 1438; x_wconf 85' lang='lat' dir='ltr'>Augustinus</span> <span class='ocrx_word' id='word_1_212' title='bbox 427 1400 505 1435; x_wconf 88' lang='lat' dir='ltr'>dicit,</span> <span class='ocrx_word' id='word_1_213' title='bbox 527 1399 602 1437; x_wconf 88' lang='lat' dir='ltr'>quod</span> <span class='ocrx_word' id='word_1_214' title='bbox 621 1411 634 1425; x_wconf 76' lang='grc' dir='ltr'><em>α</em></span> <span class='ocrx_word' id='word_1_215' title='bbox 649 1399 721 1428; x_wconf 82' lang='lat' dir='ltr'>sieut</span> <span class='ocrx_word' id='word_1_216' title='bbox 735 1400 763 1428; x_wconf 92' lang='lat' dir='ltr'>in</span> <span class='ocrx_word' id='word_1_217' title='bbox 784 1400 884 1428; x_wconf 83' lang='lat' dir='ltr'>Mariae</span> <span class='ocrx_word' id='word_1_218' title='bbox 900 1400 961 1428; x_wconf 85' lang='lat' dir='ltr'>Vir-</span> 
     </span>
     <span class='ocr_line' id='line_1_40' title="bbox 115 1447 961 1487; baseline -0.005 -9"><span class='ocrx_word' id='word_1_219' title='bbox 115 1449 185 1487; x_wconf 85' lang='lat' dir='ltr'>ginis</span> <span class='ocrx_word' id='word_1_220' title='bbox 205 1452 286 1478; x_wconf 92' lang='lat' dir='ltr'>utero</span> <span class='ocrx_word' id='word_1_221' title='bbox 307 1456 388 1477; x_wconf 90' lang='lat' dir='ltr'>nemo</span> <span class='ocrx_word' id='word_1_222' title='bbox 408 1450 471 1476; x_wconf 88' lang='lat' dir='ltr'>ante</span> <span class='ocrx_word' id='word_1_223' title='bbox 492 1448 584 1481; x_wconf 83' lang='lat' dir='ltr'>illurn,</span> <span class='ocrx_word' id='word_1_224' title='bbox 606 1455 687 1476; x_wconf 91' lang='lat' dir='ltr'>nemo</span> <span class='ocrx_word' id='word_1_225' title='bbox 707 1450 769 1484; x_wconf 90' lang='lat' dir='ltr'>post</span> <span class='ocrx_word' id='word_1_226' title='bbox 790 1447 868 1475; x_wconf 85' lang='lat' dir='ltr'>illum</span> <span class='ocrx_word' id='word_1_227' title='bbox 896 1454 961 1475; x_wconf 93' lang='lat' dir='ltr'>con-</span> 
     </span>
     <span class='ocr_line' id='line_1_41' title="bbox 115 1489 959 1533; baseline -0.005 -8"><span class='ocrx_word' id='word_1_228' title='bbox 115 1499 212 1533; x_wconf 88' lang='lat' dir='ltr'>ceptus</span> <span class='ocrx_word' id='word_1_229' title='bbox 231 1495 298 1530; x_wconf 85' lang='lat' dir='ltr'>fuit;</span> <span class='ocrx_word' id='word_1_230' title='bbox 319 1495 358 1523; x_wconf 87' lang='lat' dir='ltr'>ita</span> <span class='ocrx_word' id='word_1_231' title='bbox 377 1489 473 1523; x_wconf 50' lang='lat' dir='ltr'>in‘hoc</span> <span class='ocrx_word' id='word_1_232' title='bbox 494 1496 673 1522; x_wconf 88' lang='lat' dir='ltr'>monumento</span> <span class='ocrx_word' id='word_1_233' title='bbox 687 1501 768 1522; x_wconf 88' lang='lat' dir='ltr'>nemo</span> <span class='ocrx_word' id='word_1_234' title='bbox 789 1496 852 1522; x_wconf 87' lang='lat' dir='ltr'>ante</span> <span class='ocrx_word' id='word_1_235' title='bbox 867 1493 959 1528; x_wconf 80' lang='lat' dir='ltr'>iltum,</span> 
     </span>
     <span class='ocr_line' id='line_1_42' title="bbox 115 1540 626 1579; baseline -0.008 -7"><span class='ocrx_word' id='word_1_236' title='bbox 115 1551 195 1572; x_wconf 91' lang='lat' dir='ltr'>nemo</span> <span class='ocrx_word' id='word_1_237' title='bbox 216 1545 277 1579; x_wconf 87' lang='lat' dir='ltr'>post</span> <span class='ocrx_word' id='word_1_238' title='bbox 298 1542 376 1570; x_wconf 90' lang='lat' dir='ltr'>illum</span> <span class='ocrx_word' id='word_1_239' title='bbox 397 1540 524 1578; x_wconf 86' lang='lat' dir='ltr'>sepultus</span> <span class='ocrx_word' id='word_1_240' title='bbox 544 1544 626 1569; x_wconf 83' lang='lat' dir='ltr'>est».</span> 
     </span>
    </p>

    <p class='ocr_par' dir='ltr' id='par_1_10' title="bbox 114 1587 960 1952">
     <span class='ocr_line' id='line_1_43' title="bbox 194 1587 960 1625; baseline -0.003 -7"><span class='ocrx_word' id='word_1_241' title='bbox 194 1590 239 1618; x_wconf 80' lang='lat'>65.</span> <span class='ocrx_word' id='word_1_242' title='bbox 254 1588 343 1625; x_wconf 91' lang='lat' dir='ltr'>(Vers.</span> <span class='ocrx_word' id='word_1_243' title='bbox 358 1588 426 1624; x_wconf 75' lang='lat'>42).</span> <span class='ocrx_word' id='word_1_244' title='bbox 442 1588 488 1617; x_wconf 82' lang='lat' dir='ltr'>Ibi</span> <span class='ocrx_word' id='word_1_245' title='bbox 500 1596 568 1625; x_wconf 66' lang='lat' dir='ltr'>erqo</span> <span class='ocrx_word' id='word_1_246' title='bbox 580 1590 700 1624; x_wconf 82' lang='lat' dir='ltr'>propter</span> <span class='ocrx_word' id='word_1_247' title='bbox 714 1596 896 1624; x_wconf 76' lang='lat' dir='ltr'>parasceven</span> <span class='ocrx_word' id='word_1_248' title='bbox 910 1587 960 1616; x_wconf 90' lang='lat' dir='ltr'>Iu-</span> 
     </span>
     <span class='ocr_line' id='line_1_44' title="bbox 114 1634 959 1672; baseline -0.004 -6"><span class='ocrx_word' id='word_1_249' title='bbox 114 1636 269 1670; x_wconf 82' lang='lat' dir='ltr'>daeorum,</span> <span class='ocrx_word' id='word_1_250' title='bbox 284 1639 311 1665; x_wconf 91' lang='lat' dir='ltr'>et</span> <span class='ocrx_word' id='word_1_251' title='bbox 325 1636 363 1664; x_wconf 86' lang='lat' dir='ltr'>ita</span> <span class='ocrx_word' id='word_1_252' title='bbox 383 1634 541 1664; x_wconf 90' lang='lat' dir='ltr'>solemnitas</span> <span class='ocrx_word' id='word_1_253' title='bbox 555 1634 728 1669; x_wconf 84' lang='lat' dir='ltr'>imminebat,</span> <span class='ocrx_word' id='word_1_254' title='bbox 746 1638 861 1672; x_wconf 90' lang='lat' dir='ltr'>propter</span> <span class='ocrx_word' id='word_1_255' title='bbox 875 1643 959 1672; x_wconf 85' lang='lat' dir='ltr'>quam</span> 
     </span>
     <span class='ocr_line' id='line_1_45' title="bbox 114 1681 960 1720; baseline -0.002 -8"><span class='ocrx_word' id='word_1_256' title='bbox 114 1691 164 1712; x_wconf 91' lang='lat' dir='ltr'>nec</span> <span class='ocrx_word' id='word_1_257' title='bbox 185 1683 265 1720; x_wconf 90' lang='lat' dir='ltr'>longe</span> <span class='ocrx_word' id='word_1_258' title='bbox 285 1682 359 1711; x_wconf 85' lang='lat' dir='ltr'>serre</span> <span class='ocrx_word' id='word_1_259' title='bbox 372 1682 486 1716; x_wconf 90' lang='lat' dir='ltr'>licebat;</span> <span class='ocrx_word' id='word_1_260' title='bbox 508 1682 580 1720; x_wconf 86' lang='lat' dir='ltr'>quia</span> <span class='ocrx_word' id='word_1_261' title='bbox 600 1681 686 1710; x_wconf 74' lang='lat' dir='ltr'>iuoeta</span> <span class='ocrx_word' id='word_1_262' title='bbox 707 1685 771 1710; x_wconf 86' lang='lat' dir='ltr'>erat</span> <span class='ocrx_word' id='word_1_263' title='bbox 791 1691 960 1710; x_wconf 77' lang='lat' dir='ltr'>monumen-</span> 
     </span>
     <span class='ocr_line' id='line_1_46' title="bbox 115 1728 958 1766; baseline -0.001 -8"><span class='ocrx_word' id='word_1_264' title='bbox 115 1733 190 1764; x_wconf 85' lang='lat' dir='ltr'>tum,</span> <span class='ocrx_word' id='word_1_265' title='bbox 211 1729 239 1758; x_wconf 92' lang='lat' dir='ltr'>id</span> <span class='ocrx_word' id='word_1_266' title='bbox 259 1733 300 1758; x_wconf 90' lang='lat' dir='ltr'>est</span> <span class='ocrx_word' id='word_1_267' title='bbox 322 1737 420 1766; x_wconf 81' lang='lat' dir='ltr'>prope,</span> <span class='ocrx_word' id='word_1_268' title='bbox 437 1731 601 1765; x_wconf 80' lang='lat' dir='ltr'>posuerunt</span> <span class='ocrx_word' id='word_1_269' title='bbox 615 1737 682 1756; x_wconf 85' lang='lat' dir='ltr'>eum</span> <span class='ocrx_word' id='word_1_270' title='bbox 692 1728 714 1762; x_wconf 83' lang='lat'>⁵,</span> <span class='ocrx_word' id='word_1_271' title='bbox 736 1728 839 1757; x_wconf 93' lang='lat' dir='ltr'>scilicet</span> <span class='ocrx_word' id='word_1_272' title='bbox 861 1728 958 1757; x_wconf 90' lang='lat' dir='ltr'>lesum.</span> 
     </span>
     <span class='ocr_line' id='line_1_47' title="bbox 114 1775 958 1814; baseline -0.001 -9"><span class='ocrx_word' id='word_1_273' title='bbox 114 1776 295 1814; x_wconf 85' lang='lat' dir='ltr'>Augustinus:</span> <span class='ocrx_word' id='word_1_274' title='bbox 322 1787 336 1801; x_wconf 68' lang='grc' dir='ltr'>«κ</span> <span class='ocrx_word' id='word_1_275' title='bbox 349 1775 532 1804; x_wconf 85' lang='lat' dir='ltr'>Acceleratam</span> <span class='ocrx_word' id='word_1_276' title='bbox 554 1775 614 1803; x_wconf 92' lang='lat' dir='ltr'>vult</span> <span class='ocrx_word' id='word_1_277' title='bbox 635 1775 747 1812; x_wconf 86' lang='lat' dir='ltr'>intelligi</span> <span class='ocrx_word' id='word_1_278' title='bbox 769 1775 958 1812; x_wconf 83' lang='lat' dir='ltr'>sepulturam,</span> 
     </span>
     <span class='ocr_line' id='line_1_48' title="bbox 114 1821 958 1859; baseline -0.001 -8"><span class='ocrx_word' id='word_1_279' title='bbox 114 1830 149 1851; x_wconf 87' lang='lat' dir='ltr'>ne</span> <span class='ocrx_word' id='word_1_280' title='bbox 162 1822 418 1859; x_wconf 83' lang='lat' dir='ltr'>advesperasceret,</span> <span class='ocrx_word' id='word_1_281' title='bbox 443 1821 553 1858; x_wconf 86' lang='lat' dir='ltr'>quando</span> <span class='ocrx_word' id='word_1_282' title='bbox 574 1821 628 1850; x_wconf 90' lang='lat' dir='ltr'>iam</span> <span class='ocrx_word' id='word_1_283' title='bbox 643 1825 757 1858; x_wconf 86' lang='lat' dir='ltr'>propter</span> <span class='ocrx_word' id='word_1_284' title='bbox 778 1829 958 1858; x_wconf 87' lang='lat' dir='ltr'>parasceven,</span> 
     </span>
     <span class='ocr_line' id='line_1_49' title="bbox 114 1868 959 1906; baseline 0 -8"><span class='ocrx_word' id='word_1_285' title='bbox 114 1877 196 1906; x_wconf 89' lang='lat' dir='ltr'>quam</span> <span class='ocrx_word' id='word_1_286' title='bbox 208 1877 325 1898; x_wconf 79' lang='lat' dir='ltr'>coenam</span> <span class='ocrx_word' id='word_1_287' title='bbox 340 1877 450 1906; x_wconf 84' lang='lat' dir='ltr'>puram</span> <span class='ocrx_word' id='word_1_288' title='bbox 461 1868 552 1897; x_wconf 90' lang='lat' dir='ltr'>ludaei</span> <span class='ocrx_word' id='word_1_289' title='bbox 567 1868 660 1897; x_wconf 91' lang='lat' dir='ltr'>Latine</span> <span class='ocrx_word' id='word_1_290' title='bbox 673 1868 804 1897; x_wconf 86' lang='lat' dir='ltr'>usitatius</span> <span class='ocrx_word' id='word_1_291' title='bbox 821 1869 895 1905; x_wconf 87' lang='lat' dir='ltr'>apud</span> <span class='ocrx_word' id='word_1_292' title='bbox 908 1877 959 1898; x_wconf 91' lang='lat' dir='ltr'>nos</span> 
     </span>
     <span class='ocr_line' id='line_1_50' title="bbox 114 1914 773 1952; baseline -0.002 -9"><span class='ocrx_word' id='word_1_293' title='bbox 114 1917 227 1949; x_wconf 84' lang='lat' dir='ltr'>vocant,</span> <span class='ocrx_word' id='word_1_294' title='bbox 248 1914 338 1943; x_wconf 81' lang='lat' dir='ltr'>facere</span> <span class='ocrx_word' id='word_1_295' title='bbox 359 1914 413 1943; x_wconf 87' lang='lat' dir='ltr'>tale</span> <span class='ocrx_word' id='word_1_296' title='bbox 433 1914 537 1952; x_wconf 86' lang='lat' dir='ltr'>aliquid</span> <span class='ocrx_word' id='word_1_297' title='bbox 557 1922 611 1943; x_wconf 90' lang='lat' dir='ltr'>non</span> <span class='ocrx_word' id='word_1_298' title='bbox 633 1914 773 1943; x_wconf 81' lang='lat' dir='ltr'>licebat».</span> 
     </span>
    </p>
   </div>
   <div class='ocr_carea' id='block_1_8' title="bbox 111 2119 959 2969">
    <p class='ocr_par' dir='ltr' id='par_1_11' title="bbox 112 2119 958 2382">
     <span class='ocr_line' id='line_1_51' title="bbox 176 2119 956 2150; baseline 0 -7"><span class='ocrx_word' id='word_1_299' title='bbox 176 2119 185 2133; x_wconf 87' lang='lat'>¹</span> <span class='ocrx_word' id='word_1_300' title='bbox 203 2121 285 2143; x_wconf 84' lang='lat' dir='ltr'>Psalm.</span> <span class='ocrx_word' id='word_1_301' title='bbox 302 2120 342 2149; x_wconf 74' lang='lat'>15,</span> <span class='ocrx_word' id='word_1_302' title='bbox 356 2121 391 2143; x_wconf 73' lang='grc'>10.</span> <span class='ocrx_word' id='word_1_303' title='bbox 403 2133 434 2138; x_wconf 92' lang='grc'><strong>-</strong></span> <span class='ocrx_word' id='word_1_304' title='bbox 445 2120 574 2149; x_wconf 87' lang='lat' dir='ltr'>Chrysost.,</span> <span class='ocrx_word' id='word_1_305' title='bbox 586 2121 609 2143; x_wconf 88' lang='lat' dir='ltr'>in</span> <span class='ocrx_word' id='word_1_306' title='bbox 621 2121 682 2144; x_wconf 87' lang='lat' dir='ltr'>loan.</span> <span class='ocrx_word' id='word_1_307' title='bbox 693 2121 773 2144; x_wconf 90' lang='lat' dir='ltr'>homil.</span> <span class='ocrx_word' id='word_1_308' title='bbox 783 2122 822 2144; x_wconf 87' lang='lat'>85.</span> <span class='ocrx_word' id='word_1_309' title='bbox 834 2121 899 2150; x_wconf 88' lang='lat' dir='ltr'>(alias</span> <span class='ocrx_word' id='word_1_310' title='bbox 910 2121 956 2150; x_wconf 79' lang='lat'>84.)</span> 
     </span>
     <span class='ocr_line' id='line_1_52' title="bbox 113 2159 958 2189; baseline 0 -6"><span class='ocrx_word' id='word_1_311' title='bbox 113 2166 135 2183; x_wconf 90' lang='lat' dir='ltr'>n.</span> <span class='ocrx_word' id='word_1_312' title='bbox 152 2160 179 2183; x_wconf 78' lang='lat'>3:</span> <span class='ocrx_word' id='word_1_313' title='bbox 195 2160 255 2182; x_wconf 90' lang='lat' dir='ltr'>Tum</span> <span class='ocrx_word' id='word_1_314' title='bbox 278 2160 323 2188; x_wconf 85' lang='lat' dir='ltr'>ipsi</span> <span class='ocrx_word' id='word_1_315' title='bbox 344 2159 409 2188; x_wconf 87' lang='lat' dir='ltr'>operi</span> <span class='ocrx_word' id='word_1_316' title='bbox 432 2166 527 2182; x_wconf 84' lang='lat' dir='ltr'>manum</span> <span class='ocrx_word' id='word_1_317' title='bbox 549 2159 654 2183; x_wconf 83' lang='lat' dir='ltr'>adhibuit</span> <span class='ocrx_word' id='word_1_318' title='bbox 675 2161 744 2183; x_wconf 87' lang='lat' dir='ltr'>etiam</span> <span class='ocrx_word' id='word_1_319' title='bbox 767 2160 919 2189; x_wconf 71' lang='lat' dir='ltr'>Nicodamus,</span> <span class='ocrx_word' id='word_1_320' title='bbox 936 2162 958 2183; x_wconf 89' lang='lat' dir='ltr'>et</span> 
     </span>
     <span class='ocr_line' id='line_1_53' title="bbox 113 2198 958 2227; baseline 0 -6"><span class='ocrx_word' id='word_1_321' title='bbox 113 2199 236 2227; x_wconf 83' lang='lat' dir='ltr'>magnifice</span> <span class='ocrx_word' id='word_1_322' title='bbox 252 2198 372 2226; x_wconf 83' lang='lat' dir='ltr'>sepeliunt.</span> <span class='ocrx_word' id='word_1_323' title='bbox 389 2198 470 2221; x_wconf 84' lang='lat' dir='ltr'>Adhuc</span> <span class='ocrx_word' id='word_1_324' title='bbox 487 2198 548 2221; x_wconf 86' lang='lat' dir='ltr'>enim</span> <span class='ocrx_word' id='word_1_325' title='bbox 565 2199 628 2221; x_wconf 91' lang='lat' dir='ltr'>illum</span> <span class='ocrx_word' id='word_1_326' title='bbox 644 2205 688 2227; x_wconf 89' lang='lat' dir='ltr'>pro</span> <span class='ocrx_word' id='word_1_327' title='bbox 704 2205 764 2226; x_wconf 88' lang='lat' dir='ltr'>puro</span> <span class='ocrx_word' id='word_1_328' title='bbox 781 2199 875 2221; x_wconf 84' lang='lat' dir='ltr'>homine</span> <span class='ocrx_word' id='word_1_329' title='bbox 890 2198 958 2221; x_wconf 89' lang='lat' dir='ltr'>habe-</span> 
     </span>
     <span class='ocr_line' id='line_1_54' title="bbox 113 2236 958 2266; baseline 0.001 -7"><span class='ocrx_word' id='word_1_330' title='bbox 113 2236 174 2260; x_wconf 90' lang='lat' dir='ltr'>bant.</span> <span class='ocrx_word' id='word_1_331' title='bbox 193 2238 218 2260; x_wconf 87' lang='lat' dir='ltr'>Et</span> <span class='ocrx_word' id='word_1_332' title='bbox 234 2239 337 2260; x_wconf 84' lang='lat' dir='ltr'>aromata</span> <span class='ocrx_word' id='word_1_333' title='bbox 355 2238 431 2260; x_wconf 79' lang='lat' dir='ltr'>rerunt</span> <span class='ocrx_word' id='word_1_334' title='bbox 446 2237 593 2265; x_wconf 88' lang='lat' dir='ltr'>huiusmodi,</span> <span class='ocrx_word' id='word_1_335' title='bbox 610 2243 671 2266; x_wconf 87' lang='lat' dir='ltr'>quae</span> <span class='ocrx_word' id='word_1_336' title='bbox 688 2237 786 2260; x_wconf 84' lang='lat' dir='ltr'>maxime</span> <span class='ocrx_word' id='word_1_337' title='bbox 804 2238 892 2265; x_wconf 82' lang='lat' dir='ltr'>possint</span> <span class='ocrx_word' id='word_1_338' title='bbox 908 2243 958 2260; x_wconf 87' lang='lat' dir='ltr'>cor-</span> 
     </span>
     <span class='ocr_line' id='line_1_55' title="bbox 113 2276 957 2304; baseline -0.001 -6"><span class='ocrx_word' id='word_1_339' title='bbox 113 2281 157 2304; x_wconf 87' lang='lat' dir='ltr'>pus</span> <span class='ocrx_word' id='word_1_340' title='bbox 176 2276 286 2298; x_wconf 89' lang='lat' dir='ltr'>diuturno</span> <span class='ocrx_word' id='word_1_341' title='bbox 308 2278 412 2304; x_wconf 85' lang='lat' dir='ltr'>tempore</span> <span class='ocrx_word' id='word_1_342' title='bbox 435 2281 584 2303; x_wconf 80' lang='lat' dir='ltr'>conservare,</span> <span class='ocrx_word' id='word_1_343' title='bbox 601 2282 630 2298; x_wconf 90' lang='lat' dir='ltr'>ne</span> <span class='ocrx_word' id='word_1_344' title='bbox 652 2276 718 2298; x_wconf 88' lang='lat' dir='ltr'>citius</span> <span class='ocrx_word' id='word_1_345' title='bbox 739 2276 763 2298; x_wconf 89' lang='lat' dir='ltr'>in</span> <span class='ocrx_word' id='word_1_346' title='bbox 785 2276 957 2303; x_wconf 86' lang='lat' dir='ltr'>corruptionem</span> 
     </span>
     <span class='ocr_line' id='line_1_56' title="bbox 112 2314 957 2343; baseline -0.001 -6"><span class='ocrx_word' id='word_1_347' title='bbox 112 2317 206 2342; x_wconf 71' lang='lat' dir='ltr'>vergat,</span> <span class='ocrx_word' id='word_1_348' title='bbox 223 2321 270 2343; x_wconf 86' lang='lat' dir='ltr'>quo</span> <span class='ocrx_word' id='word_1_349' title='bbox 288 2314 444 2342; x_wconf 83' lang='lat' dir='ltr'>indicabatur,</span> <span class='ocrx_word' id='word_1_350' title='bbox 460 2315 509 2337; x_wconf 89' lang='lat' dir='ltr'>illos</span> <span class='ocrx_word' id='word_1_351' title='bbox 525 2321 572 2337; x_wconf 93' lang='lat' dir='ltr'>non</span> <span class='ocrx_word' id='word_1_352' title='bbox 594 2321 704 2343; x_wconf 85' lang='lat' dir='ltr'>magnum</span> <span class='ocrx_word' id='word_1_353' title='bbox 722 2314 843 2343; x_wconf 83' lang='lat' dir='ltr'>quidpiam</span> <span class='ocrx_word' id='word_1_354' title='bbox 860 2314 890 2337; x_wconf 89' lang='lat' dir='ltr'>de</span> <span class='ocrx_word' id='word_1_355' title='bbox 906 2314 957 2342; x_wconf 88' lang='lat' dir='ltr'>ipso</span> 
     </span>
     <span class='ocr_line' id='line_1_57' title="bbox 113 2354 803 2382; baseline 0 -6"><span class='ocrx_word' id='word_1_356' title='bbox 113 2354 208 2382; x_wconf 85' lang='lat' dir='ltr'>sentire;</span> <span class='ocrx_word' id='word_1_357' title='bbox 225 2356 324 2376; x_wconf 77' lang='lat' dir='ltr'>attamen</span> <span class='ocrx_word' id='word_1_358' title='bbox 342 2355 439 2377; x_wconf 90' lang='lat' dir='ltr'>multum</span> <span class='ocrx_word' id='word_1_359' title='bbox 456 2360 560 2376; x_wconf 87' lang='lat' dir='ltr'>amorem</span> <span class='ocrx_word' id='word_1_360' title='bbox 577 2360 633 2382; x_wconf 85' lang='lat' dir='ltr'>prae</span> <span class='ocrx_word' id='word_1_361' title='bbox 649 2360 674 2377; x_wconf 90' lang='lat' dir='ltr'>se</span> <span class='ocrx_word' id='word_1_362' title='bbox 691 2354 803 2377; x_wconf 80' lang='lat' dir='ltr'>serebant.</span> 
     </span>
    </p>

    <p class='ocr_par' dir='ltr' id='par_1_12' title="bbox 112 2391 958 2460">
     <span class='ocr_line' id='line_1_58' title="bbox 175 2391 958 2421; baseline 0.001 -7"><span class='ocrx_word' id='word_1_363' title='bbox 175 2391 184 2404; x_wconf 79' lang='lat'><strong>²</strong></span> <span class='ocrx_word' id='word_1_364' title='bbox 202 2393 300 2421; x_wconf 81' lang='lat' dir='ltr'>Vulgata</span> <span class='ocrx_word' id='word_1_365' title='bbox 317 2393 393 2417; x_wconf 81' lang='lat' dir='ltr'>linteis</span> <span class='ocrx_word' id='word_1_366' title='bbox 415 2399 470 2417; x_wconf 83' lang='lat' dir='ltr'>cum</span> <span class='ocrx_word' id='word_1_367' title='bbox 491 2393 648 2417; x_wconf 80' lang='lat' dir='ltr'>aromatibus.</span> <span class='ocrx_word' id='word_1_368' title='bbox 669 2406 700 2411; x_wconf 85' lang='lat'>—</span> <span class='ocrx_word' id='word_1_369' title='bbox 722 2394 825 2416; x_wconf 85' lang='lat' dir='ltr'>Subinde</span> <span class='ocrx_word' id='word_1_370' title='bbox 846 2394 958 2421; x_wconf 79' lang='lat' dir='ltr'>allegatur</span> 
     </span>
     <span class='ocr_line' id='line_1_59' title="bbox 112 2431 268 2460; baseline 0.006 -7"><span class='ocrx_word' id='word_1_371' title='bbox 112 2431 169 2453; x_wconf 87' lang='lat' dir='ltr'>Gen.</span> <span class='ocrx_word' id='word_1_372' title='bbox 186 2431 228 2460; x_wconf 84' lang='lat'>50,</span> <span class='ocrx_word' id='word_1_373' title='bbox 246 2432 268 2454; x_wconf 88' lang='lat'>2.</span> 
     </span>
    </p>

    <p class='ocr_par' dir='ltr' id='par_1_13' title="bbox 112 2467 959 2734">
     <span class='ocr_line' id='line_1_60' title="bbox 177 2467 958 2500; baseline 0.001 -8"><span class='ocrx_word' id='word_1_374' title='bbox 177 2467 186 2481; x_wconf 76' lang='lat'>³</span> <span class='ocrx_word' id='word_1_375' title='bbox 201 2470 224 2492; x_wconf 92' lang='lat' dir='ltr'>ln</span> <span class='ocrx_word' id='word_1_376' title='bbox 242 2471 302 2492; x_wconf 88' lang='lat' dir='ltr'>loan.</span> <span class='ocrx_word' id='word_1_377' title='bbox 320 2470 399 2493; x_wconf 88' lang='lat' dir='ltr'>homil.</span> <span class='ocrx_word' id='word_1_378' title='bbox 417 2471 454 2493; x_wconf 85' lang='lat'>85.</span> <span class='ocrx_word' id='word_1_379' title='bbox 473 2471 538 2500; x_wconf 87' lang='lat' dir='ltr'>(alias</span> <span class='ocrx_word' id='word_1_380' title='bbox 554 2470 601 2500; x_wconf 74' lang='lat'>84.)</span> <span class='ocrx_word' id='word_1_381' title='bbox 618 2478 641 2494; x_wconf 92' lang='lat' dir='ltr'>n.</span> <span class='ocrx_word' id='word_1_382' title='bbox 659 2472 685 2500; x_wconf 87' lang='lat'>3,</span> <span class='ocrx_word' id='word_1_383' title='bbox 702 2472 725 2494; x_wconf 92' lang='lat' dir='ltr'>in</span> <span class='ocrx_word' id='word_1_384' title='bbox 741 2471 798 2494; x_wconf 82' lang='lat' dir='ltr'>fine:</span> <span class='ocrx_word' id='word_1_385' title='bbox 821 2471 874 2494; x_wconf 84' lang='lat' dir='ltr'>Mihi</span> <span class='ocrx_word' id='word_1_386' title='bbox 897 2471 958 2494; x_wconf 91' lang='lat' dir='ltr'>vide-</span> 
     </span>
     <span class='ocr_line' id='line_1_61' title="bbox 112 2508 958 2538; baseline 0.002 -8"><span class='ocrx_word' id='word_1_387' title='bbox 112 2510 159 2537; x_wconf 85' lang='lat' dir='ltr'>tur,</span> <span class='ocrx_word' id='word_1_388' title='bbox 177 2514 230 2531; x_wconf 89' lang='lat' dir='ltr'>eum</span> <span class='ocrx_word' id='word_1_389' title='bbox 248 2508 353 2538; x_wconf 87' lang='lat' dir='ltr'>[loseph]</span> <span class='ocrx_word' id='word_1_390' title='bbox 374 2516 401 2532; x_wconf 85' lang='lat' dir='ltr'>ex</span> <span class='ocrx_word' id='word_1_391' title='bbox 422 2510 588 2537; x_wconf 85' lang='lat' dir='ltr'>insignioribus</span> <span class='ocrx_word' id='word_1_392' title='bbox 610 2510 665 2533; x_wconf 82' lang='lat' dir='ltr'>viris</span> <span class='ocrx_word' id='word_1_393' title='bbox 687 2511 769 2537; x_wconf 78' lang='lat' dir='ltr'>ruisse,</span> <span class='ocrx_word' id='word_1_394' title='bbox 787 2514 812 2533; x_wconf 90' lang='lat' dir='ltr'>ut</span> <span class='ocrx_word' id='word_1_395' title='bbox 828 2516 855 2532; x_wconf 83' lang='lat' dir='ltr'>ex</span> <span class='ocrx_word' id='word_1_396' title='bbox 872 2510 958 2533; x_wconf 80' lang='lat' dir='ltr'>funeris</span> 
     </span>
     <span class='ocr_line' id='line_1_62' title="bbox 112 2547 959 2577; baseline 0.004 -9"><span class='ocrx_word' id='word_1_397' title='bbox 112 2549 189 2569; x_wconf 87' lang='lat' dir='ltr'>sumtu</span> <span class='ocrx_word' id='word_1_398' title='bbox 205 2547 288 2575; x_wconf 87' lang='lat' dir='ltr'>liquet,</span> <span class='ocrx_word' id='word_1_399' title='bbox 305 2550 327 2570; x_wconf 89' lang='lat' dir='ltr'>et</span> <span class='ocrx_word' id='word_1_400' title='bbox 343 2548 413 2570; x_wconf 82' lang='lat' dir='ltr'>Pilato</span> <span class='ocrx_word' id='word_1_401' title='bbox 430 2551 509 2570; x_wconf 88' lang='lat' dir='ltr'>notum</span> <span class='ocrx_word' id='word_1_402' title='bbox 529 2548 609 2576; x_wconf 82' lang='lat' dir='ltr'>ruisse,</span> <span class='ocrx_word' id='word_1_403' title='bbox 626 2551 769 2577; x_wconf 85' lang='lat' dir='ltr'>quapropter</span> <span class='ocrx_word' id='word_1_404' title='bbox 785 2549 809 2571; x_wconf 86' lang='lat' dir='ltr'>id</span> <span class='ocrx_word' id='word_1_405' title='bbox 826 2549 959 2577; x_wconf 86' lang='lat' dir='ltr'>impetravit</span> 
     </span>
     <span class='ocr_line' id='line_1_63' title="bbox 113 2585 958 2616; baseline 0.004 -8"><span class='ocrx_word' id='word_1_406' title='bbox 113 2585 237 2614; x_wconf 83' lang='lat' dir='ltr'>ipsumque</span> <span class='ocrx_word' id='word_1_407' title='bbox 259 2586 376 2615; x_wconf 83' lang='lat' dir='ltr'>sepelivit,</span> <span class='ocrx_word' id='word_1_408' title='bbox 393 2593 438 2609; x_wconf 88' lang='lat' dir='ltr'>non</span> <span class='ocrx_word' id='word_1_409' title='bbox 455 2589 480 2609; x_wconf 87' lang='lat' dir='ltr'>ut</span> <span class='ocrx_word' id='word_1_410' title='bbox 501 2587 650 2615; x_wconf 87' lang='lat' dir='ltr'>damnatum,</span> <span class='ocrx_word' id='word_1_411' title='bbox 671 2587 721 2616; x_wconf 87' lang='lat' dir='ltr'>sed,</span> <span class='ocrx_word' id='word_1_412' title='bbox 737 2589 764 2610; x_wconf 82' lang='lat' dir='ltr'>ut</span> <span class='ocrx_word' id='word_1_413' title='bbox 779 2593 831 2611; x_wconf 86' lang='lat' dir='ltr'>mos</span> <span class='ocrx_word' id='word_1_414' title='bbox 850 2589 905 2611; x_wconf 80' lang='lat' dir='ltr'>erat</span> <span class='ocrx_word' id='word_1_415' title='bbox 918 2588 958 2610; x_wconf 59' lang='lat' dir='ltr'>luz-</span> 
     </span>
     <span class='ocr_line' id='line_1_64' title="bbox 112 2623 958 2656; baseline 0.001 -9"><span class='ocrx_word' id='word_1_416' title='bbox 112 2623 176 2647; x_wconf 80' lang='lat' dir='ltr'>claez‘s</span> <span class='ocrx_word' id='word_1_417' title='bbox 184 2624 290 2654; x_wconf 78' lang='lat' dir='ltr'>sepetire,</span> <span class='ocrx_word' id='word_1_418' title='bbox 300 2625 376 2648; x_wconf 89' lang='lat' dir='ltr'>virum</span> <span class='ocrx_word' id='word_1_419' title='bbox 386 2632 497 2654; x_wconf 83' lang='lat' dir='ltr'>magnum</span> <span class='ocrx_word' id='word_1_420' title='bbox 509 2629 532 2648; x_wconf 86' lang='lat' dir='ltr'>et</span> <span class='ocrx_word' id='word_1_421' title='bbox 543 2626 706 2650; x_wconf 86' lang='lat' dir='ltr'>admirandum</span> <span class='ocrx_word' id='word_1_422' title='bbox 719 2626 761 2656; x_wconf 80' lang='grc' dir='ltr'>[ὡς</span> <span class='ocrx_word' id='word_1_423' title='bbox 772 2626 841 2656; x_wconf 78' lang='grc' dir='ltr'>μέγαν</span> <span class='ocrx_word' id='word_1_424' title='bbox 858 2623 908 2648; x_wconf 83' lang='grc' dir='ltr'>τινὰ</span> <span class='ocrx_word' id='word_1_425' title='bbox 920 2625 958 2648; x_wconf 80' lang='grc' dir='ltr'>καὶ</span> 
     </span>
     <span class='ocr_line' id='line_1_65' title="bbox 113 2661 958 2694; baseline 0.005 -10"><span class='ocrx_word' id='word_1_426' title='bbox 113 2661 263 2693; x_wconf 79' lang='grc' dir='ltr'>θαυμαστὸν],</span> <span class='ocrx_word' id='word_1_427' title='bbox 279 2676 311 2680; x_wconf 95' lang='grc'><strong>-</strong></span> <span class='ocrx_word' id='word_1_428' title='bbox 327 2664 370 2687; x_wconf 85' lang='lat' dir='ltr'>Pro</span> <span class='ocrx_word' id='word_1_429' title='bbox 387 2670 504 2694; x_wconf 61' lang='lat' dir='ltr'>magnum</span> <span class='ocrx_word' id='word_1_430' title='bbox 521 2664 639 2694; x_wconf 76' lang='lat' dir='ltr'>quendam</span> <span class='ocrx_word' id='word_1_431' title='bbox 651 2666 729 2693; x_wconf 85' lang='lat' dir='ltr'>plures</span> <span class='ocrx_word' id='word_1_432' title='bbox 741 2666 824 2693; x_wconf 58' lang='lat' dir='ltr'>codd„</span> <span class='ocrx_word' id='word_1_433' title='bbox 841 2667 958 2694; x_wconf 82' lang='lat' dir='ltr'>refragan-</span> 
     </span>
     <span class='ocr_line' id='line_1_66' title="bbox 112 2701 955 2734; baseline 0.005 -10"><span class='ocrx_word' id='word_1_434' title='bbox 112 2701 174 2724; x_wconf 88' lang='lat' dir='ltr'>tibus</span> <span class='ocrx_word' id='word_1_435' title='bbox 185 2701 201 2724; x_wconf 94' lang='lat' dir='ltr'>C</span> <span class='ocrx_word' id='word_1_436' title='bbox 211 2702 227 2724; x_wconf 86' lang='lat' dir='ltr'>E</span> <span class='ocrx_word' id='word_1_437' title='bbox 238 2708 291 2725; x_wconf 89' lang='lat' dir='ltr'>cum</span> <span class='ocrx_word' id='word_1_438' title='bbox 304 2702 341 2725; x_wconf 91' lang='lat' dir='ltr'>ed.</span> <span class='ocrx_word' id='word_1_439' title='bbox 350 2721 356 2732; x_wconf 86' lang='lat'>,</span> <span class='ocrx_word' id='word_1_440' title='bbox 371 2703 474 2725; x_wconf 85' lang='lat' dir='ltr'>Gorrano</span> <span class='ocrx_word' id='word_1_441' title='bbox 486 2706 508 2725; x_wconf 90' lang='lat' dir='ltr'>et</span> <span class='ocrx_word' id='word_1_442' title='bbox 519 2706 579 2726; x_wconf 78' lang='lat' dir='ltr'>textu</span> <span class='ocrx_word' id='word_1_443' title='bbox 591 2704 708 2732; x_wconf 85' lang='lat' dir='ltr'>originali,</span> <span class='ocrx_word' id='word_1_444' title='bbox 720 2710 836 2734; x_wconf 60' lang='lat' dir='ltr'>magnum</span> <span class='ocrx_word' id='word_1_445' title='bbox 853 2704 955 2734; x_wconf 77' lang='lat' dir='ltr'>quidem.</span> 
     </span>
    </p>

    <p class='ocr_par' dir='ltr' id='par_1_14' title="bbox 111 2739 957 2925">
     <span class='ocr_line' id='line_1_67' title="bbox 174 2739 956 2771; baseline 0.003 -8"><span class='ocrx_word' id='word_1_446' title='bbox 174 2739 184 2752; x_wconf 82' lang='lat'><strong>⁴</strong></span> <span class='ocrx_word' id='word_1_447' title='bbox 200 2741 298 2769; x_wconf 77' lang='lat' dir='ltr'>Vulgata</span> <span class='ocrx_word' id='word_1_448' title='bbox 311 2742 410 2764; x_wconf 86' lang='lat' dir='ltr'>erat.—-</span> <span class='ocrx_word' id='word_1_449' title='bbox 419 2742 534 2764; x_wconf 88' lang='lat' dir='ltr'>Sententia</span> <span class='ocrx_word' id='word_1_450' title='bbox 546 2742 643 2770; x_wconf 82' lang='lat' dir='ltr'>August.</span> <span class='ocrx_word' id='word_1_451' title='bbox 654 2742 752 2765; x_wconf 89' lang='lat' dir='ltr'>habetur</span> <span class='ocrx_word' id='word_1_452' title='bbox 763 2743 785 2765; x_wconf 88' lang='lat' dir='ltr'>in</span> <span class='ocrx_word' id='word_1_453' title='bbox 798 2744 859 2765; x_wconf 90' lang='lat' dir='ltr'>loan.</span> <span class='ocrx_word' id='word_1_454' title='bbox 869 2744 956 2771; x_wconf 86' lang='lat' dir='ltr'>Evang.</span> 
     </span>
     <span class='ocr_line' id='line_1_68' title="bbox 112 2780 957 2811; baseline 0.006 -10"><span class='ocrx_word' id='word_1_455' title='bbox 112 2782 141 2801; x_wconf 91' lang='lat' dir='ltr'>tr.</span> <span class='ocrx_word' id='word_1_456' title='bbox 159 2780 210 2802; x_wconf 80' lang='lat'>¹¹20.</span> <span class='ocrx_word' id='word_1_457' title='bbox 228 2786 251 2802; x_wconf 91' lang='lat' dir='ltr'>n.</span> <span class='ocrx_word' id='word_1_458' title='bbox 269 2780 290 2803; x_wconf 87' lang='lat'>5.</span> <span class='ocrx_word' id='word_1_459' title='bbox 302 2780 493 2809; x_wconf 67' lang='lat' dir='ltr'>Csr.tChrysost.,</span> <span class='ocrx_word' id='word_1_460' title='bbox 509 2781 532 2803; x_wconf 88' lang='lat' dir='ltr'>in</span> <span class='ocrx_word' id='word_1_461' title='bbox 545 2782 604 2804; x_wconf 85' lang='lat' dir='ltr'>loan.</span> <span class='ocrx_word' id='word_1_462' title='bbox 617 2782 694 2804; x_wconf 90' lang='lat' dir='ltr'>homil.</span> <span class='ocrx_word' id='word_1_463' title='bbox 707 2782 745 2805; x_wconf 87' lang='lat'>85.</span> <span class='ocrx_word' id='word_1_464' title='bbox 758 2782 822 2811; x_wconf 77' lang='lat' dir='ltr'>(alius</span> <span class='ocrx_word' id='word_1_465' title='bbox 835 2782 881 2811; x_wconf 68' lang='lat'>84.)</span> <span class='ocrx_word' id='word_1_466' title='bbox 895 2790 917 2805; x_wconf 92' lang='lat' dir='ltr'>n.</span> <span class='ocrx_word' id='word_1_467' title='bbox 930 2783 957 2806; x_wconf 75' lang='lat'>4:</span> 
     </span>
     <span class='ocr_line' id='line_1_69' title="bbox 112 2818 957 2851; baseline 0.005 -10"><span class='ocrx_word' id='word_1_468' title='bbox 112 2818 272 2847; x_wconf 86' lang='lat' dir='ltr'>Dispensatum</span> <span class='ocrx_word' id='word_1_469' title='bbox 289 2823 334 2847; x_wconf 89' lang='lat' dir='ltr'>est,</span> <span class='ocrx_word' id='word_1_470' title='bbox 347 2820 423 2848; x_wconf 85' lang='lat' dir='ltr'>ipsum</span> <span class='ocrx_word' id='word_1_471' title='bbox 435 2820 520 2848; x_wconf 83' lang='lat' dir='ltr'>deponi</span> <span class='ocrx_word' id='word_1_472' title='bbox 531 2821 555 2843; x_wconf 89' lang='lat' dir='ltr'>in</span> <span class='ocrx_word' id='word_1_473' title='bbox 567 2827 629 2843; x_wconf 89' lang='lat' dir='ltr'>novo</span> <span class='ocrx_word' id='word_1_474' title='bbox 641 2824 803 2850; x_wconf 88' lang='lat' dir='ltr'>monumento,</span> <span class='ocrx_word' id='word_1_475' title='bbox 821 2822 842 2844; x_wconf 90' lang='lat' dir='ltr'>in</span> <span class='ocrx_word' id='word_1_476' title='bbox 860 2829 907 2851; x_wconf 91' lang='lat' dir='ltr'>quo</span> <span class='ocrx_word' id='word_1_477' title='bbox 919 2829 957 2845; x_wconf 88' lang='lat' dir='ltr'>ne-</span> 
     </span>
     <span class='ocr_line' id='line_1_70' title="bbox 112 2858 956 2889; baseline 0.005 -9"><span class='ocrx_word' id='word_1_478' title='bbox 112 2863 151 2880; x_wconf 89' lang='lat' dir='ltr'>mo</span> <span class='ocrx_word' id='word_1_479' title='bbox 162 2858 281 2886; x_wconf 79' lang='lat' dir='ltr'>depositus</span> <span class='ocrx_word' id='word_1_480' title='bbox 289 2861 341 2881; x_wconf 82' lang='lat' dir='ltr'>ante</span> <span class='ocrx_word' id='word_1_481' title='bbox 352 2860 433 2887; x_wconf 81' lang='lat' dir='ltr'>suerat,</span> <span class='ocrx_word' id='word_1_482' title='bbox 445 2862 469 2881; x_wconf 91' lang='lat' dir='ltr'>ut</span> <span class='ocrx_word' id='word_1_483' title='bbox 480 2866 526 2882; x_wconf 90' lang='lat' dir='ltr'>non</span> <span class='ocrx_word' id='word_1_484' title='bbox 538 2860 678 2888; x_wconf 83' lang='lat' dir='ltr'>crederetur,</span> <span class='ocrx_word' id='word_1_485' title='bbox 690 2861 786 2883; x_wconf 88' lang='lat' dir='ltr'>alterum</span> <span class='ocrx_word' id='word_1_486' title='bbox 798 2862 956 2889; x_wconf 84' lang='lat' dir='ltr'>resurrexisse,</span> 
     </span>
     <span class='ocr_line' id='line_1_71' title="bbox 111 2896 568 2925; baseline 0.007 -7"><span class='ocrx_word' id='word_1_487' title='bbox 111 2896 152 2925; x_wconf 83' lang='lat' dir='ltr'>qui</span> <span class='ocrx_word' id='word_1_488' title='bbox 169 2902 222 2919; x_wconf 89' lang='lat' dir='ltr'>eum</span> <span class='ocrx_word' id='word_1_489' title='bbox 239 2897 277 2919; x_wconf 90' lang='lat' dir='ltr'>illo</span> <span class='ocrx_word' id='word_1_490' title='bbox 294 2897 414 2925; x_wconf 79' lang='lat' dir='ltr'>depositus</span> <span class='ocrx_word' id='word_1_491' title='bbox 431 2898 510 2921; x_wconf 82' lang='lat' dir='ltr'>suisset</span> <span class='ocrx_word' id='word_1_492' title='bbox 526 2902 568 2921; x_wconf 88' lang='lat' dir='ltr'>etc.</span> 
     </span>
    </p>

    <p class='ocr_par' dir='ltr' id='par_1_15' title="bbox 174 2933 957 2969">
     <span class='ocr_line' id='line_1_72' title="bbox 174 2933 957 2969; baseline 0.006 -11"><span class='ocrx_word' id='word_1_493' title='bbox 174 2933 184 2947; x_wconf 85' lang='lat'>⁵</span> <span class='ocrx_word' id='word_1_494' title='bbox 201 2936 299 2964; x_wconf 86' lang='lat' dir='ltr'>Vulgata</span> <span class='ocrx_word' id='word_1_495' title='bbox 316 2938 409 2966; x_wconf 82' lang='lat' dir='ltr'>Iesum,·</span> <span class='ocrx_word' id='word_1_496' title='bbox 426 2944 473 2960; x_wconf 90' lang='lat' dir='ltr'>non</span> <span class='ocrx_word' id='word_1_497' title='bbox 490 2939 557 2966; x_wconf 84' lang='lat' dir='ltr'>pauci</span> <span class='ocrx_word' id='word_1_498' title='bbox 574 2938 642 2961; x_wconf 88' lang='lat' dir='ltr'>codd.</span> <span class='ocrx_word' id='word_1_499' title='bbox 660 2938 702 2962; x_wconf 81' lang='lat' dir='ltr'>ubi</span> <span class='ocrx_word' id='word_1_500' title='bbox 718 2939 742 2968; x_wconf 60' lang='grc' dir='ltr'>(ἰ)</span> <span class='ocrx_word' id='word_1_501' title='bbox 760 2938 806 2967; x_wconf 83' lang='lat' dir='ltr'>ibi)</span> <span class='ocrx_word' id='word_1_502' title='bbox 822 2941 957 2969; x_wconf 79' lang='lat' dir='ltr'>posuerunt</span> 
     </span>
    </p>
   </div>
   <div class='ocr_carea' id='block_1_9' title="bbox 1814 163 1870 192">
    <p class='ocr_par' dir='ltr' id='par_1_16' title="bbox 1814 163 1870 192">
     <span class='ocr_line' id='line_1_73' title="bbox 1814 163 1870 192; baseline 0.018 -1"><span class='ocrx_word' id='word_1_503' title='bbox 1814 163 1870 192; x_wconf 81' lang='lat'>503</span> 
     </span>
    </p>
   </div>
   <div class='ocr_carea' id='block_1_10' title="bbox 1346 234 1544 271">
    <p class='ocr_par' dir='ltr' id='par_1_17' title="bbox 1346 234 1544 271">
     <span class='ocr_line' id='line_1_74' title="bbox 1346 234 1544 271; baseline 0.02 -8"><span class='ocrx_word' id='word_1_504' title='bbox 1346 234 1544 271; x_wconf 74' lang='lat' dir='ltr'>QUAEsrioNES.</span> 
     </span>
    </p>
   </div>
   <div class='ocr_carea' id='block_1_11' title="bbox 1014 326 1870 1958">
    <p class='ocr_par' dir='ltr' id='par_1_18' title="bbox 1021 326 1870 545">
     <span class='ocr_line' id='line_1_75' title="bbox 1103 326 1870 372; baseline 0.012 -17"><span class='ocrx_word' id='word_1_505' title='bbox 1103 326 1148 355; x_wconf 84' lang='lat'>66.</span> <span class='ocrx_word' id='word_1_506' title='bbox 1170 327 1279 364; x_wconf 82' lang='lat' dir='ltr'>Quaest.</span> <span class='ocrx_word' id='word_1_507' title='bbox 1302 329 1319 357; x_wconf 92' lang='grc' dir='ltr'>Ι.</span> <span class='ocrx_word' id='word_1_508' title='bbox 1342 330 1393 359; x_wconf 87' lang='lat' dir='ltr'>Sed</span> <span class='ocrx_word' id='word_1_509' title='bbox 1408 332 1560 369; x_wconf 80' lang='lat' dir='ltr'>&#39;quaeritur</span> <span class='ocrx_word' id='word_1_510' title='bbox 1582 334 1642 363; x_wconf 92' lang='lat' dir='ltr'>hic:</span> <span class='ocrx_word' id='word_1_511' title='bbox 1664 343 1754 372; x_wconf 88' lang='lat' dir='ltr'>quare</span> <span class='ocrx_word' id='word_1_512' title='bbox 1774 335 1870 364; x_wconf 92' lang='lat' dir='ltr'>nullus</span> 
     </span>
     <span class='ocr_line' id='line_1_76' title="bbox 1022 371 1870 418; baseline 0.012 -18"><span class='ocrx_word' id='word_1_513' title='bbox 1022 371 1223 410; x_wconf 88' lang='lat' dir='ltr'>discipulorum</span> <span class='ocrx_word' id='word_1_514' title='bbox 1237 374 1344 404; x_wconf 85' lang='lat' dir='ltr'>Domini</span> <span class='ocrx_word' id='word_1_515' title='bbox 1366 378 1479 407; x_wconf 89' lang='lat' dir='ltr'>accessit</span> <span class='ocrx_word' id='word_1_516' title='bbox 1493 379 1527 408; x_wconf 83' lang='lat' dir='ltr'>ad</span> <span class='ocrx_word' id='word_1_517' title='bbox 1548 380 1737 417; x_wconf 88' lang='lat' dir='ltr'>sepeliendum</span> <span class='ocrx_word' id='word_1_518' title='bbox 1757 381 1870 418; x_wconf 82' lang='lat' dir='ltr'>ipsum?</span> 
     </span>
     <span class='ocr_line' id='line_1_77' title="bbox 1022 420 1868 463; baseline 0.012 -15"><span class='ocrx_word' id='word_1_519' title='bbox 1022 436 1059 441; x_wconf 92' lang='lat'><strong>—</strong></span> <span class='ocrx_word' id='word_1_520' title='bbox 1075 420 1108 449; x_wconf 87' lang='lat' dir='ltr'>Si</span> <span class='ocrx_word' id='word_1_521' title='bbox 1128 421 1226 456; x_wconf 79' lang='lat' dir='ltr'>dieas,</span> <span class='ocrx_word' id='word_1_522' title='bbox 1248 423 1322 460; x_wconf 91' lang='lat' dir='ltr'>quod</span> <span class='ocrx_word' id='word_1_523' title='bbox 1337 424 1435 453; x_wconf 90' lang='lat' dir='ltr'>timore</span> <span class='ocrx_word' id='word_1_524' title='bbox 1459 426 1623 456; x_wconf 87' lang='lat' dir='ltr'>ludaeorum</span> <span class='ocrx_word' id='word_1_525' title='bbox 1639 435 1693 456; x_wconf 92' lang='lat' dir='ltr'>non</span> <span class='ocrx_word' id='word_1_526' title='bbox 1714 427 1868 463; x_wconf 88' lang='lat' dir='ltr'>audebant;</span> 
     </span>
     <span class='ocr_line' id='line_1_78' title="bbox 1021 467 1869 513; baseline 0.011 -17"><span class='ocrx_word' id='word_1_527' title='bbox 1021 467 1068 496; x_wconf 89' lang='lat' dir='ltr'>sed</span> <span class='ocrx_word' id='word_1_528' title='bbox 1089 468 1185 505; x_wconf 87' lang='lat' dir='ltr'>loseph</span> <span class='ocrx_word' id='word_1_529' title='bbox 1207 470 1294 498; x_wconf 89' lang='lat' dir='ltr'>multo</span> <span class='ocrx_word' id='word_1_530' title='bbox 1322 471 1408 507; x_wconf 89' lang='lat' dir='ltr'>magis</span> <span class='ocrx_word' id='word_1_531' title='bbox 1430 472 1559 500; x_wconf 89' lang='lat' dir='ltr'>timebat:</span> <span class='ocrx_word' id='word_1_532' title='bbox 1581 481 1647 510; x_wconf 85' lang='lat' dir='ltr'>ergo</span> <span class='ocrx_word' id='word_1_533' title='bbox 1675 474 1762 503; x_wconf 89' lang='lat' dir='ltr'>multo</span> <span class='ocrx_word' id='word_1_534' title='bbox 1783 475 1869 513; x_wconf 87' lang='lat' dir='ltr'>magis</span> 
     </span>
     <span class='ocr_line' id='line_1_79' title="bbox 1021 514 1392 545; baseline 0.008 -3"><span class='ocrx_word' id='word_1_535' title='bbox 1021 514 1137 543; x_wconf 84' lang='lat' dir='ltr'>debebat</span> <span class='ocrx_word' id='word_1_536' title='bbox 1158 516 1209 544; x_wconf 87' lang='lat' dir='ltr'>iste</span> <span class='ocrx_word' id='word_1_537' title='bbox 1223 516 1361 545; x_wconf 90' lang='lat' dir='ltr'>dimittere</span> <span class='ocrx_word' id='word_1_538' title='bbox 1372 517 1392 545; x_wconf 74' lang='lat'>⁶.</span> 
     </span>
    </p>

    <p class='ocr_par' dir='ltr' id='par_1_19' title="bbox 1019 562 1868 881">
     <span class='ocr_line' id='line_1_80' title="bbox 1099 562 1867 598; baseline 0.012 -9"><span class='ocrx_word' id='word_1_539' title='bbox 1099 562 1277 591; x_wconf 68' lang='lat' dir='ltr'>Rasroum-zo:</span> <span class='ocrx_word' id='word_1_540' title='bbox 1300 563 1377 591; x_wconf 82' lang='lat' dir='ltr'>Ratio</span> <span class='ocrx_word' id='word_1_541' title='bbox 1407 563 1460 592; x_wconf 83' lang='lat' dir='ltr'>fuit</span> <span class='ocrx_word' id='word_1_542' title='bbox 1480 568 1507 593; x_wconf 90' lang='lat' dir='ltr'>et</span> <span class='ocrx_word' id='word_1_543' title='bbox 1538 564 1672 596; x_wconf 74' lang='lat' dir='ltr'>humana</span> <span class='ocrx_word' id='word_1_544' title='bbox 1699 571 1727 597; x_wconf 92' lang='lat' dir='ltr'>et</span> <span class='ocrx_word' id='word_1_545' title='bbox 1747 569 1867 598; x_wconf 79' lang='lat' dir='ltr'>diuina.-</span> 
     </span>
     <span class='ocr_line' id='line_1_81' title="bbox 1020 605 1868 646; baseline 0.012 -11"><span class='ocrx_word' id='word_1_546' title='bbox 1020 605 1167 641; x_wconf 75' lang='lat' dir='ltr'>humana,</span> <span class='ocrx_word' id='word_1_547' title='bbox 1189 608 1268 645; x_wconf 88' lang='lat' dir='ltr'>quia,</span> <span class='ocrx_word' id='word_1_548' title='bbox 1289 609 1338 637; x_wconf 90' lang='lat' dir='ltr'>etsi</span> <span class='ocrx_word' id='word_1_549' title='bbox 1361 609 1487 646; x_wconf 87' lang='lat' dir='ltr'>discipuli</span> <span class='ocrx_word' id='word_1_550' title='bbox 1503 614 1531 639; x_wconf 88' lang='lat' dir='ltr'>et</span> <span class='ocrx_word' id='word_1_551' title='bbox 1551 611 1602 641; x_wconf 91' lang='lat' dir='ltr'>iste</span> <span class='ocrx_word' id='word_1_552' title='bbox 1623 613 1752 643; x_wconf 89' lang='lat' dir='ltr'>timerent</span> <span class='ocrx_word' id='word_1_553' title='bbox 1774 615 1868 645; x_wconf 87' lang='lat' dir='ltr'>ludae-</span> 
     </span>
     <span class='ocr_line' id='line_1_82' title="bbox 1020 655 1867 694; baseline 0.013 -13"><span class='ocrx_word' id='word_1_554' title='bbox 1020 661 1063 687; x_wconf 92' lang='lat' dir='ltr'>os,</span> <span class='ocrx_word' id='word_1_555' title='bbox 1092 657 1183 682; x_wconf 87' lang='lat' dir='ltr'>tamen</span> <span class='ocrx_word' id='word_1_556' title='bbox 1214 655 1266 683; x_wconf 90' lang='lat' dir='ltr'>iste</span> <span class='ocrx_word' id='word_1_557' title='bbox 1296 658 1356 684; x_wconf 91' lang='lat' dir='ltr'>erat</span> <span class='ocrx_word' id='word_1_558' title='bbox 1386 656 1486 685; x_wconf 90' lang='lat' dir='ltr'>nobilis</span> <span class='ocrx_word' id='word_1_559' title='bbox 1511 665 1640 694; x_wconf 86' lang='lat' dir='ltr'>persona,</span> <span class='ocrx_word' id='word_1_560' title='bbox 1663 661 1734 690; x_wconf 90' lang='lat' dir='ltr'>sicut</span> <span class='ocrx_word' id='word_1_561' title='bbox 1764 662 1867 691; x_wconf 87' lang='lat' dir='ltr'>dicitur</span> 
     </span>
     <span class='ocr_line' id='line_1_83' title="bbox 1020 700 1867 745; baseline 0.012 -17"><span class='ocrx_word' id='word_1_562' title='bbox 1020 700 1102 729; x_wconf 90' lang='lat' dir='ltr'>Marci</span> <span class='ocrx_word' id='word_1_563' title='bbox 1124 700 1232 729; x_wconf 89' lang='lat' dir='ltr'>decimo</span> <span class='ocrx_word' id='word_1_564' title='bbox 1252 701 1350 738; x_wconf 84' lang='lat' dir='ltr'>quinto</span> <span class='ocrx_word' id='word_1_565' title='bbox 1365 702 1391 736; x_wconf 91' lang='lat'>⁷;</span> <span class='ocrx_word' id='word_1_566' title='bbox 1406 705 1434 731; x_wconf 91' lang='lat' dir='ltr'>et</span> <span class='ocrx_word' id='word_1_567' title='bbox 1448 703 1508 732; x_wconf 90' lang='lat' dir='ltr'>ideo</span> <span class='ocrx_word' id='word_1_568' title='bbox 1522 705 1676 735; x_wconf 80' lang='lat' dir='ltr'>confidebat</span> <span class='ocrx_word' id='word_1_569' title='bbox 1689 707 1723 736; x_wconf 92' lang='lat' dir='ltr'>de</span> <span class='ocrx_word' id='word_1_570' title='bbox 1737 708 1867 745; x_wconf 86' lang='lat' dir='ltr'>impetra-</span> 
     </span>
     <span class='ocr_line' id='line_1_84' title="bbox 1021 746 1867 791; baseline 0.012 -17"><span class='ocrx_word' id='word_1_571' title='bbox 1021 746 1110 781; x_wconf 89' lang='lat' dir='ltr'>tione,</span> <span class='ocrx_word' id='word_1_572' title='bbox 1125 747 1192 784; x_wconf 85' lang='lat' dir='ltr'>quia</span> <span class='ocrx_word' id='word_1_573' title='bbox 1212 751 1295 777; x_wconf 89' lang='lat' dir='ltr'>notus</span> <span class='ocrx_word' id='word_1_574' title='bbox 1316 752 1376 777; x_wconf 90' lang='lat' dir='ltr'>erat</span> <span class='ocrx_word' id='word_1_575' title='bbox 1391 750 1483 779; x_wconf 72' lang='lat' dir='ltr'>Pilato</span> <span class='ocrx_word' id='word_1_576' title='bbox 1506 751 1582 781; x_wconf 82' lang='lat' dir='ltr'>Ratio</span> <span class='ocrx_word' id='word_1_577' title='bbox 1602 753 1722 788; x_wconf 82' lang='lat' dir='ltr'>divina,</span> <span class='ocrx_word' id='word_1_578' title='bbox 1743 755 1822 791; x_wconf 90' lang='lat' dir='ltr'>quia,</span> <span class='ocrx_word' id='word_1_579' title='bbox 1844 755 1867 784; x_wconf 87' lang='lat' dir='ltr'>si</span> 
     </span>
     <span class='ocr_line' id='line_1_85' title="bbox 1019 792 1868 835; baseline 0.011 -14"><span class='ocrx_word' id='word_1_580' title='bbox 1019 792 1147 830; x_wconf 89' lang='lat' dir='ltr'>discipuli</span> <span class='ocrx_word' id='word_1_581' title='bbox 1159 795 1333 831; x_wconf 83' lang='lat' dir='ltr'>sepelissent,</span> <span class='ocrx_word' id='word_1_582' title='bbox 1345 796 1487 832; x_wconf 88' lang='lat' dir='ltr'>probabile</span> <span class='ocrx_word' id='word_1_583' title='bbox 1498 802 1694 835; x_wconf 88' lang='lat' dir='ltr'>argumentum</span> <span class='ocrx_word' id='word_1_584' title='bbox 1706 800 1868 830; x_wconf 87' lang='lat' dir='ltr'>habuissent</span> 
     </span>
     <span class='ocr_line' id='line_1_86' title="bbox 1020 839 1867 881; baseline 0.011 -14"><span class='ocrx_word' id='word_1_585' title='bbox 1020 839 1127 873; x_wconf 90' lang='lat' dir='ltr'>Iudaei,</span> <span class='ocrx_word' id='word_1_586' title='bbox 1149 840 1224 877; x_wconf 88' lang='lat' dir='ltr'>quod</span> <span class='ocrx_word' id='word_1_587' title='bbox 1238 849 1341 878; x_wconf 89' lang='lat' dir='ltr'>corpus</span> <span class='ocrx_word' id='word_1_588' title='bbox 1361 842 1421 872; x_wconf 89' lang='lat' dir='ltr'>eius</span> <span class='ocrx_word' id='word_1_589' title='bbox 1442 845 1617 881; x_wconf 88' lang='lat' dir='ltr'>postmodum</span> <span class='ocrx_word' id='word_1_590' title='bbox 1638 846 1722 875; x_wconf 85' lang='lat' dir='ltr'>furati</span> <span class='ocrx_word' id='word_1_591' title='bbox 1743 847 1867 876; x_wconf 68' lang='lat' dir='ltr'>essentss.</span> 
     </span>
    </p>

    <p class='ocr_par' dir='ltr' id='par_1_20' title="bbox 1018 887 1867 1112">
     <span class='ocr_line' id='line_1_87' title="bbox 1100 887 1866 931; baseline 0.01 -17"><span class='ocrx_word' id='word_1_592' title='bbox 1100 887 1144 915; x_wconf 86' lang='grc'>67.</span> <span class='ocrx_word' id='word_1_593' title='bbox 1167 887 1277 924; x_wconf 85' lang='lat' dir='ltr'>Quaest.</span> <span class='ocrx_word' id='word_1_594' title='bbox 1300 889 1328 917; x_wconf 92' lang='lat' dir='ltr'>Il.</span> <span class='ocrx_word' id='word_1_595' title='bbox 1351 889 1417 919; x_wconf 87' lang='lat' dir='ltr'>Item</span> <span class='ocrx_word' id='word_1_596' title='bbox 1438 892 1584 928; x_wconf 89' lang='lat' dir='ltr'>quaeritur</span> <span class='ocrx_word' id='word_1_597' title='bbox 1605 892 1639 921; x_wconf 91' lang='lat' dir='ltr'>de</span> <span class='ocrx_word' id='word_1_598' title='bbox 1653 896 1730 921; x_wconf 86' lang='lat' dir='ltr'>metu</span> <span class='ocrx_word' id='word_1_599' title='bbox 1751 893 1866 931; x_wconf 76' lang='lat' dir='ltr'>Ioseph,</span> 
     </span>
     <span class='ocr_line' id='line_1_88' title="bbox 1019 933 1867 977; baseline 0.011 -17"><span class='ocrx_word' id='word_1_600' title='bbox 1019 935 1116 961; x_wconf 92' lang='lat' dir='ltr'>utrum</span> <span class='ocrx_word' id='word_1_601' title='bbox 1143 933 1228 963; x_wconf 86' lang='lat' dir='ltr'>fuerit</span> <span class='ocrx_word' id='word_1_602' title='bbox 1258 935 1355 965; x_wconf 90' lang='lat' dir='ltr'>bonus.</span> <span class='ocrx_word' id='word_1_603' title='bbox 1382 953 1418 957; x_wconf 98' lang='lat'><strong>—</strong></span> <span class='ocrx_word' id='word_1_604' title='bbox 1444 936 1521 974; x_wconf 88' lang='lat' dir='ltr'>Quod</span> <span class='ocrx_word' id='word_1_605' title='bbox 1549 947 1621 973; x_wconf 86' lang='lat' dir='ltr'>non,</span> <span class='ocrx_word' id='word_1_606' title='bbox 1649 939 1772 974; x_wconf 91' lang='lat' dir='ltr'>videtur,</span> <span class='ocrx_word' id='word_1_607' title='bbox 1801 940 1867 977; x_wconf 90' lang='lat' dir='ltr'>quia</span> 
     </span>
     <span class='ocr_line' id='line_1_89' title="bbox 1019 980 1866 1022; baseline 0.009 -14"><span class='ocrx_word' id='word_1_608' title='bbox 1019 980 1107 1017; x_wconf 85' lang='lat' dir='ltr'>magis</span> <span class='ocrx_word' id='word_1_609' title='bbox 1127 984 1169 1010; x_wconf 88' lang='lat' dir='ltr'>est</span> <span class='ocrx_word' id='word_1_610' title='bbox 1182 982 1299 1011; x_wconf 87' lang='lat' dir='ltr'>amanda</span> <span class='ocrx_word' id='word_1_611' title='bbox 1319 983 1394 1012; x_wconf 89' lang='lat' dir='ltr'>salus</span> <span class='ocrx_word' id='word_1_612' title='bbox 1414 985 1528 1021; x_wconf 89' lang='lat' dir='ltr'>propria</span> <span class='ocrx_word' id='word_1_613' title='bbox 1541 993 1624 1022; x_wconf 84' lang='lat' dir='ltr'>quam</span> <span class='ocrx_word' id='word_1_614' title='bbox 1646 986 1771 1016; x_wconf 82' lang='lat' dir='ltr'>confusio</span> <span class='ocrx_word' id='word_1_615' title='bbox 1785 995 1866 1016; x_wconf 89' lang='lat' dir='ltr'>mun-</span> 
     </span>
     <span class='ocr_line' id='line_1_90' title="bbox 1018 1026 1866 1065; baseline 0.008 -10"><span class='ocrx_word' id='word_1_616' title='bbox 1018 1026 1104 1056; x_wconf 86' lang='lat' dir='ltr'>dana:</span> <span class='ocrx_word' id='word_1_617' title='bbox 1126 1035 1193 1065; x_wconf 86' lang='lat' dir='ltr'>ergo</span> <span class='ocrx_word' id='word_1_618' title='bbox 1213 1029 1235 1057; x_wconf 92' lang='lat' dir='ltr'>si</span> <span class='ocrx_word' id='word_1_619' title='bbox 1257 1029 1308 1058; x_wconf 92' lang='lat' dir='ltr'>iste</span> <span class='ocrx_word' id='word_1_620' title='bbox 1329 1038 1383 1058; x_wconf 91' lang='lat' dir='ltr'>non</span> <span class='ocrx_word' id='word_1_621' title='bbox 1404 1031 1524 1060; x_wconf 89' lang='lat' dir='ltr'>audebat</span> <span class='ocrx_word' id='word_1_622' title='bbox 1543 1040 1643 1061; x_wconf 88' lang='lat' dir='ltr'>nomen</span> <span class='ocrx_word' id='word_1_623' title='bbox 1658 1032 1760 1062; x_wconf 90' lang='lat' dir='ltr'>Christi</span> <span class='ocrx_word' id='word_1_624' title='bbox 1781 1034 1866 1062; x_wconf 87' lang='lat' dir='ltr'>confi-</span> 
     </span>
     <span class='ocr_line' id='line_1_91' title="bbox 1019 1074 1683 1112; baseline 0.009 -10"><span class='ocrx_word' id='word_1_625' title='bbox 1019 1074 1071 1102; x_wconf 88' lang='lat' dir='ltr'>teri</span> <span class='ocrx_word' id='word_1_626' title='bbox 1092 1078 1206 1112; x_wconf 89' lang='lat' dir='ltr'>propter</span> <span class='ocrx_word' id='word_1_627' title='bbox 1227 1080 1348 1111; x_wconf 89' lang='lat' dir='ltr'>metum,</span> <span class='ocrx_word' id='word_1_628' title='bbox 1371 1078 1461 1106; x_wconf 90' lang='lat' dir='ltr'>malus</span> <span class='ocrx_word' id='word_1_629' title='bbox 1481 1081 1541 1106; x_wconf 89' lang='lat' dir='ltr'>erat</span> <span class='ocrx_word' id='word_1_630' title='bbox 1561 1082 1653 1108; x_wconf 91' lang='lat' dir='ltr'>metus</span> <span class='ocrx_word' id='word_1_631' title='bbox 1663 1079 1683 1108; x_wconf 80' lang='lat'>⁹.</span> 
     </span>
    </p>

    <p class='ocr_par' dir='ltr' id='par_1_21' title="bbox 1018 1121 1865 1205">
     <span class='ocr_line' id='line_1_92' title="bbox 1098 1121 1865 1164; baseline 0.009 -14"><span class='ocrx_word' id='word_1_632' title='bbox 1098 1121 1153 1150; x_wconf 83' lang='lat' dir='ltr'>Sed</span> <span class='ocrx_word' id='word_1_633' title='bbox 1165 1123 1352 1152; x_wconf 86' lang='lat' dir='ltr'>eontrarium</span> <span class='ocrx_word' id='word_1_634' title='bbox 1372 1123 1475 1153; x_wconf 91' lang='lat' dir='ltr'>dicitur</span> <span class='ocrx_word' id='word_1_635' title='bbox 1490 1125 1579 1154; x_wconf 87' lang='lat' dir='ltr'>Lucae</span> <span class='ocrx_word' id='word_1_636' title='bbox 1592 1126 1725 1163; x_wconf 87' lang='lat' dir='ltr'>vigesimo</span> <span class='ocrx_word' id='word_1_637' title='bbox 1739 1128 1821 1157; x_wconf 91' lang='lat' dir='ltr'>tertio</span> <span class='ocrx_word' id='word_1_638' title='bbox 1833 1129 1865 1164; x_wconf 81' lang='lat'>¹⁰,</span> 
     </span>
     <span class='ocr_line' id='line_1_93' title="bbox 1018 1168 1529 1205; baseline 0.006 -8"><span class='ocrx_word' id='word_1_639' title='bbox 1018 1168 1093 1205; x_wconf 84' lang='lat' dir='ltr'>quod</span> <span class='ocrx_word' id='word_1_640' title='bbox 1113 1172 1179 1197; x_wconf 88' lang='lat' dir='ltr'>erat</span> <span class='ocrx_word' id='word_1_641' title='bbox 1197 1169 1245 1198; x_wconf 82' lang='lat' dir='ltr'>vir</span> <span class='ocrx_word' id='word_1_642' title='bbox 1267 1169 1359 1198; x_wconf 82' lang='lat' dir='ltr'>bonus</span> <span class='ocrx_word' id='word_1_643' title='bbox 1379 1174 1404 1199; x_wconf 83' lang='lat' dir='ltr'>et</span> <span class='ocrx_word' id='word_1_644' title='bbox 1425 1171 1529 1200; x_wconf 70' lang='lat' dir='ltr'>iustus,</span> 
     </span>
    </p>

    <p class='ocr_par' dir='ltr' id='par_1_22' title="bbox 1014 1215 1866 1578">
     <span class='ocr_line' id='line_1_94' title="bbox 1096 1215 1864 1258; baseline 0.009 -15"><span class='ocrx_word' id='word_1_645' title='bbox 1096 1215 1274 1244; x_wconf 68' lang='lat' dir='ltr'>Respounuo:</span> <span class='ocrx_word' id='word_1_646' title='bbox 1289 1216 1384 1244; x_wconf 88' lang='lat' dir='ltr'>Timor</span> <span class='ocrx_word' id='word_1_647' title='bbox 1405 1217 1450 1245; x_wconf 91' lang='lat' dir='ltr'>ille</span> <span class='ocrx_word' id='word_1_648' title='bbox 1465 1225 1519 1246; x_wconf 90' lang='lat' dir='ltr'>non</span> <span class='ocrx_word' id='word_1_649' title='bbox 1541 1222 1601 1247; x_wconf 90' lang='lat' dir='ltr'>erat</span> <span class='ocrx_word' id='word_1_650' title='bbox 1622 1219 1802 1258; x_wconf 83' lang='lat' dir='ltr'>iniquitatis,</span> <span class='ocrx_word' id='word_1_651' title='bbox 1817 1221 1864 1250; x_wconf 87' lang='lat' dir='ltr'>sed</span> 
     </span>
     <span class='ocr_line' id='line_1_95' title="bbox 1017 1261 1866 1302; baseline 0.009 -13"><span class='ocrx_word' id='word_1_652' title='bbox 1017 1261 1161 1290; x_wconf 81' lang='lat' dir='ltr'>cuiusdam</span> <span class='ocrx_word' id='word_1_653' title='bbox 1192 1262 1343 1291; x_wconf 82' lang='lat' dir='ltr'>naturalis</span> <span class='ocrx_word' id='word_1_654' title='bbox 1365 1262 1565 1298; x_wconf 48' lang='lat' dir='ltr'>infirmitati&amp;</span> <span class='ocrx_word' id='word_1_655' title='bbox 1594 1274 1650 1302; x_wconf 86' lang='lat' dir='ltr'>qua</span> <span class='ocrx_word' id='word_1_656' title='bbox 1680 1267 1763 1296; x_wconf 89' lang='lat' dir='ltr'>homo</span> <span class='ocrx_word' id='word_1_657' title='bbox 1788 1268 1866 1297; x_wconf 88' lang='lat' dir='ltr'>timet</span> 
     </span>
     <span class='ocr_line' id='line_1_96' title="bbox 1017 1307 1864 1349; baseline 0.009 -13"><span class='ocrx_word' id='word_1_658' title='bbox 1017 1307 1166 1345; x_wconf 87' lang='lat' dir='ltr'>pudorem;</span> <span class='ocrx_word' id='word_1_659' title='bbox 1188 1317 1239 1338; x_wconf 91' lang='lat' dir='ltr'>nec</span> <span class='ocrx_word' id='word_1_660' title='bbox 1263 1309 1316 1338; x_wconf 82' lang='lat' dir='ltr'>fuit</span> <span class='ocrx_word' id='word_1_661' title='bbox 1337 1309 1439 1346; x_wconf 84' lang='lat' dir='ltr'>culpa,</span> <span class='ocrx_word' id='word_1_662' title='bbox 1460 1311 1526 1348; x_wconf 89' lang='lat' dir='ltr'>quia</span> <span class='ocrx_word' id='word_1_663' title='bbox 1552 1320 1605 1340; x_wconf 88' lang='lat' dir='ltr'>non</span> <span class='ocrx_word' id='word_1_664' title='bbox 1628 1316 1734 1342; x_wconf 90' lang='lat' dir='ltr'>tantum</span> <span class='ocrx_word' id='word_1_665' title='bbox 1757 1315 1864 1349; x_wconf 86' lang='lat' dir='ltr'>timuit,</span> 
     </span>
     <span class='ocr_line' id='line_1_97' title="bbox 1016 1356 1866 1397; baseline 0.008 -14"><span class='ocrx_word' id='word_1_666' title='bbox 1016 1357 1048 1383; x_wconf 88' lang='lat' dir='ltr'>ut</span> <span class='ocrx_word' id='word_1_667' title='bbox 1069 1358 1196 1392; x_wconf 88' lang='lat' dir='ltr'>negaret,</span> <span class='ocrx_word' id='word_1_668' title='bbox 1218 1358 1250 1384; x_wconf 89' lang='lat' dir='ltr'>ut</span> <span class='ocrx_word' id='word_1_669' title='bbox 1271 1356 1381 1390; x_wconf 88' lang='lat' dir='ltr'>Petrus,</span> <span class='ocrx_word' id='word_1_670' title='bbox 1408 1357 1455 1385; x_wconf 89' lang='lat' dir='ltr'>sed</span> <span class='ocrx_word' id='word_1_671' title='bbox 1476 1365 1546 1391; x_wconf 91' lang='lat' dir='ltr'>non,</span> <span class='ocrx_word' id='word_1_672' title='bbox 1567 1362 1599 1387; x_wconf 91' lang='lat' dir='ltr'>ut</span> <span class='ocrx_word' id='word_1_673' title='bbox 1627 1360 1736 1396; x_wconf 91' lang='lat' dir='ltr'>publice</span> <span class='ocrx_word' id='word_1_674' title='bbox 1758 1361 1866 1397; x_wconf 88' lang='lat' dir='ltr'>praedi-</span> 
     </span>
     <span class='ocr_line' id='line_1_98' title="bbox 1017 1402 1865 1444; baseline 0.009 -15"><span class='ocrx_word' id='word_1_675' title='bbox 1017 1404 1107 1435; x_wconf 83' lang='lat' dir='ltr'>caret3</span> <span class='ocrx_word' id='word_1_676' title='bbox 1129 1404 1157 1430; x_wconf 87' lang='lat' dir='ltr'>et</span> <span class='ocrx_word' id='word_1_677' title='bbox 1177 1402 1230 1430; x_wconf 88' lang='lat' dir='ltr'>hoc</span> <span class='ocrx_word' id='word_1_678' title='bbox 1258 1410 1312 1431; x_wconf 89' lang='lat' dir='ltr'>non</span> <span class='ocrx_word' id='word_1_679' title='bbox 1334 1406 1394 1431; x_wconf 88' lang='lat' dir='ltr'>erat</span> <span class='ocrx_word' id='word_1_680' title='bbox 1422 1406 1489 1431; x_wconf 89' lang='lat' dir='ltr'>tunc</span> <span class='ocrx_word' id='word_1_681' title='bbox 1509 1405 1694 1440; x_wconf 87' lang='lat' dir='ltr'>necessitatis,</span> <span class='ocrx_word' id='word_1_682' title='bbox 1723 1407 1771 1436; x_wconf 86' lang='lat' dir='ltr'>sed</span> <span class='ocrx_word' id='word_1_683' title='bbox 1801 1415 1865 1444; x_wconf 88' lang='lat' dir='ltr'>per—</span> 
     </span>
     <span class='ocr_line' id='line_1_99' title="bbox 1015 1448 1865 1486; baseline 0.008 -10"><span class='ocrx_word' id='word_1_684' title='bbox 1015 1448 1149 1477; x_wconf 84' lang='lat' dir='ltr'>fectionis.</span> <span class='ocrx_word' id='word_1_685' title='bbox 1172 1448 1333 1477; x_wconf 83' lang='lat' dir='ltr'>Ambrosius</span> <span class='ocrx_word' id='word_1_686' title='bbox 1345 1450 1383 1477; x_wconf 89' lang='lat'>¹¹:</span> <span class='ocrx_word' id='word_1_687' title='bbox 1411 1461 1424 1475; x_wconf 74' lang='grc' dir='ltr'>«ι</span> <span class='ocrx_word' id='word_1_688' title='bbox 1438 1450 1509 1486; x_wconf 87' lang='lat' dir='ltr'>Quid</span> <span class='ocrx_word' id='word_1_689' title='bbox 1531 1450 1650 1486; x_wconf 90' lang='lat' dir='ltr'>mirum,</span> <span class='ocrx_word' id='word_1_690' title='bbox 1672 1452 1693 1481; x_wconf 89' lang='lat' dir='ltr'>si</span> <span class='ocrx_word' id='word_1_691' title='bbox 1708 1453 1865 1483; x_wconf 86' lang='lat' dir='ltr'>occultatur</span> 
     </span>
     <span class='ocr_line' id='line_1_100' title="bbox 1015 1494 1865 1534; baseline 0.008 -12"><span class='ocrx_word' id='word_1_692' title='bbox 1015 1494 1119 1529; x_wconf 89' lang='lat' dir='ltr'>iustus,</span> <span class='ocrx_word' id='word_1_693' title='bbox 1141 1502 1205 1523; x_wconf 83' lang='lat' dir='ltr'>cum</span> <span class='ocrx_word' id='word_1_694' title='bbox 1226 1495 1439 1525; x_wconf 89' lang='lat' dir='ltr'>occultabantur</span> <span class='ocrx_word' id='word_1_695' title='bbox 1453 1499 1480 1525; x_wconf 89' lang='lat' dir='ltr'>et</span> <span class='ocrx_word' id='word_1_696' title='bbox 1499 1498 1631 1534; x_wconf 85' lang='lat' dir='ltr'>Apostoli,</span> <span class='ocrx_word' id='word_1_697' title='bbox 1653 1498 1792 1528; x_wconf 85' lang='lat' dir='ltr'>iustorum</span> <span class='ocrx_word' id='word_1_698' title='bbox 1808 1508 1865 1529; x_wconf 90' lang='lat' dir='ltr'>ma-</span> 
     </span>
     <span class='ocr_line' id='line_1_101' title="bbox 1014 1541 1148 1578; baseline 0.007 -9"><span class='ocrx_word' id='word_1_699' title='bbox 1014 1541 1094 1578; x_wconf 88' lang='lat' dir='ltr'>gistri</span> <span class='ocrx_word' id='word_1_700' title='bbox 1108 1553 1121 1566; x_wconf 87' lang='lat'>»</span> <span class='ocrx_word' id='word_1_701' title='bbox 1137 1544 1148 1570; x_wconf 74' lang='lat' dir='ltr'>‘t</span> 
     </span>
    </p>

    <p class='ocr_par' dir='ltr' id='par_1_23' title="bbox 1015 1588 1864 1860">
     <span class='ocr_line' id='line_1_102' title="bbox 1095 1588 1864 1628; baseline 0.009 -12"><span class='ocrx_word' id='word_1_702' title='bbox 1095 1589 1140 1617; x_wconf 89' lang='grc'>68.</span> <span class='ocrx_word' id='word_1_703' title='bbox 1163 1588 1273 1625; x_wconf 90' lang='lat' dir='ltr'>Quaest.</span> <span class='ocrx_word' id='word_1_704' title='bbox 1297 1589 1336 1617; x_wconf 89' lang='lat' dir='ltr'>[ll.</span> <span class='ocrx_word' id='word_1_705' title='bbox 1365 1589 1431 1619; x_wconf 89' lang='lat' dir='ltr'>Item</span> <span class='ocrx_word' id='word_1_706' title='bbox 1459 1591 1606 1628; x_wconf 87' lang='lat' dir='ltr'>quaeritur</span> <span class='ocrx_word' id='word_1_707' title='bbox 1626 1592 1660 1621; x_wconf 89' lang='lat' dir='ltr'>de</span> <span class='ocrx_word' id='word_1_708' title='bbox 1680 1593 1826 1623; x_wconf 84' lang='lat' dir='ltr'>devotione</span> <span class='ocrx_word' id='word_1_709' title='bbox 1841 1593 1864 1612; x_wconf 73' lang='lat'>¹²</span> 
     </span>
     <span class='ocr_line' id='line_1_103' title="bbox 1017 1634 1862 1678; baseline 0.008 -16"><span class='ocrx_word' id='word_1_710' title='bbox 1017 1634 1174 1663; x_wconf 85' lang='lat' dir='ltr'>Nieodemz&#39;.</span> <span class='ocrx_word' id='word_1_711' title='bbox 1194 1652 1228 1656; x_wconf 94' lang='lat'>——</span> <span class='ocrx_word' id='word_1_712' title='bbox 1243 1635 1359 1665; x_wconf 91' lang='lat' dir='ltr'>Videtur</span> <span class='ocrx_word' id='word_1_713' title='bbox 1380 1637 1472 1671; x_wconf 88' lang='lat' dir='ltr'>enim,</span> <span class='ocrx_word' id='word_1_714' title='bbox 1494 1638 1568 1675; x_wconf 89' lang='lat' dir='ltr'>quod</span> <span class='ocrx_word' id='word_1_715' title='bbox 1589 1640 1760 1676; x_wconf 88' lang='lat' dir='ltr'>peccaverit:</span> <span class='ocrx_word' id='word_1_716' title='bbox 1782 1640 1862 1678; x_wconf 89' lang='lat' dir='ltr'>quia,</span> 
     </span>
     <span class='ocr_line' id='line_1_104' title="bbox 1015 1681 1863 1723; baseline 0.007 -13"><span class='ocrx_word' id='word_1_717' title='bbox 1015 1681 1087 1711; x_wconf 87' lang='lat' dir='ltr'>sicut</span> <span class='ocrx_word' id='word_1_718' title='bbox 1108 1685 1250 1719; x_wconf 87' lang='lat' dir='ltr'>peccatum</span> <span class='ocrx_word' id='word_1_719' title='bbox 1273 1686 1315 1712; x_wconf 89' lang='lat' dir='ltr'>est</span> <span class='ocrx_word' id='word_1_720' title='bbox 1329 1683 1356 1711; x_wconf 93' lang='lat' dir='ltr'>in</span> <span class='ocrx_word' id='word_1_721' title='bbox 1379 1684 1538 1719; x_wconf 73' lang='lat' dir='ltr'>tenacitate,</span> <span class='ocrx_word' id='word_1_722' title='bbox 1561 1685 1599 1714; x_wconf 84' lang='lat' dir='ltr'>sic</span> <span class='ocrx_word' id='word_1_723' title='bbox 1614 1690 1757 1723; x_wconf 86' lang='lat' dir='ltr'>peccatum</span> <span class='ocrx_word' id='word_1_724' title='bbox 1779 1688 1863 1717; x_wconf 89' lang='lat' dir='ltr'>estin</span> 
     </span>
     <span class='ocr_line' id='line_1_105' title="bbox 1016 1729 1862 1771; baseline 0.009 -15"><span class='ocrx_word' id='word_1_725' title='bbox 1016 1729 1160 1766; x_wconf 88' lang='lat' dir='ltr'>superflua</span> <span class='ocrx_word' id='word_1_726' title='bbox 1180 1729 1329 1764; x_wconf 82' lang='lat' dir='ltr'>effusione;</span> <span class='ocrx_word' id='word_1_727' title='bbox 1358 1730 1405 1759; x_wconf 91' lang='lat' dir='ltr'>sed</span> <span class='ocrx_word' id='word_1_728' title='bbox 1426 1732 1569 1768; x_wconf 88' lang='lat' dir='ltr'>superflua</span> <span class='ocrx_word' id='word_1_729' title='bbox 1589 1732 1642 1761; x_wconf 89' lang='lat' dir='ltr'>fuit</span> <span class='ocrx_word' id='word_1_730' title='bbox 1669 1735 1803 1771; x_wconf 88' lang='lat' dir='ltr'>unguenti</span> <span class='ocrx_word' id='word_1_731' title='bbox 1824 1734 1862 1764; x_wconf 81' lang='lat' dir='ltr'>ef-</span> 
     </span>
     <span class='ocr_line' id='line_1_106' title="bbox 1015 1775 1862 1818; baseline 0.009 -15"><span class='ocrx_word' id='word_1_732' title='bbox 1015 1775 1099 1810; x_wconf 90' lang='lat' dir='ltr'>fusio,</span> <span class='ocrx_word' id='word_1_733' title='bbox 1121 1775 1187 1812; x_wconf 89' lang='lat' dir='ltr'>quia</span> <span class='ocrx_word' id='word_1_734' title='bbox 1206 1776 1311 1805; x_wconf 92' lang='lat' dir='ltr'>nullius</span> <span class='ocrx_word' id='word_1_735' title='bbox 1332 1778 1502 1807; x_wconf 86' lang='lat' dir='ltr'>necessitatis</span> <span class='ocrx_word' id='word_1_736' title='bbox 1517 1779 1560 1808; x_wconf 92' lang='lat' dir='ltr'>vel</span> <span class='ocrx_word' id='word_1_737' title='bbox 1581 1780 1720 1815; x_wconf 88' lang='lat' dir='ltr'>utilitatis;</span> <span class='ocrx_word' id='word_1_738' title='bbox 1735 1784 1762 1810; x_wconf 90' lang='lat' dir='ltr'>et</span> <span class='ocrx_word' id='word_1_739' title='bbox 1782 1789 1862 1818; x_wconf 85' lang='lat' dir='ltr'>prae-</span> 
     </span>
     <span class='ocr_line' id='line_1_107' title="bbox 1015 1825 1440 1860; baseline 0.007 -10"><span class='ocrx_word' id='word_1_740' title='bbox 1015 1825 1091 1851; x_wconf 84' lang='lat' dir='ltr'>terea</span> <span class='ocrx_word' id='word_1_741' title='bbox 1111 1830 1165 1851; x_wconf 91' lang='lat' dir='ltr'>non</span> <span class='ocrx_word' id='word_1_742' title='bbox 1187 1825 1247 1851; x_wconf 89' lang='lat' dir='ltr'>erat</span> <span class='ocrx_word' id='word_1_743' title='bbox 1266 1831 1337 1860; x_wconf 88' lang='lat' dir='ltr'>opus</span> <span class='ocrx_word' id='word_1_744' title='bbox 1356 1826 1440 1853; x_wconf 89' lang='lat' dir='ltr'>tanto.</span> 
     </span>
    </p>

    <p class='ocr_par' dir='ltr' id='par_1_24' title="bbox 1015 1869 1861 1958">
     <span class='ocr_line' id='line_1_108' title="bbox 1094 1869 1860 1908; baseline 0.009 -11"><span class='ocrx_word' id='word_1_745' title='bbox 1094 1869 1272 1904; x_wconf 68' lang='lat' dir='ltr'>Resposnm,</span> <span class='ocrx_word' id='word_1_746' title='bbox 1304 1871 1378 1907; x_wconf 90' lang='lat' dir='ltr'>quod</span> <span class='ocrx_word' id='word_1_747' title='bbox 1409 1871 1539 1901; x_wconf 86' lang='lat' dir='ltr'>laudatur</span> <span class='ocrx_word' id='word_1_748' title='bbox 1568 1872 1677 1902; x_wconf 91' lang='lat' dir='ltr'>devotio</span> <span class='ocrx_word' id='word_1_749' title='bbox 1693 1874 1860 1908; x_wconf 61' lang='lat' dir='ltr'>‘Nicodemh</span> 
     </span>
     <span class='ocr_line' id='line_1_109' title="bbox 1015 1915 1861 1958; baseline 0.009 -15"><span class='ocrx_word' id='word_1_750' title='bbox 1015 1923 1065 1944; x_wconf 88' lang='lat' dir='ltr'>nec</span> <span class='ocrx_word' id='word_1_751' title='bbox 1086 1915 1138 1944; x_wconf 85' lang='lat' dir='ltr'>fuit</span> <span class='ocrx_word' id='word_1_752' title='bbox 1152 1916 1188 1945; x_wconf 91' lang='lat' dir='ltr'>ibi</span> <span class='ocrx_word' id='word_1_753' title='bbox 1211 1916 1341 1953; x_wconf 90' lang='lat' dir='ltr'>perditio,</span> <span class='ocrx_word' id='word_1_754' title='bbox 1363 1917 1411 1946; x_wconf 86' lang='lat' dir='ltr'>sed</span> <span class='ocrx_word' id='word_1_755' title='bbox 1424 1918 1545 1953; x_wconf 90' lang='lat' dir='ltr'>devotio,</span> <span class='ocrx_word' id='word_1_756' title='bbox 1567 1920 1639 1949; x_wconf 89' lang='lat' dir='ltr'>sicut</span> <span class='ocrx_word' id='word_1_757' title='bbox 1659 1920 1761 1950; x_wconf 88' lang='lat' dir='ltr'>dicitur</span> <span class='ocrx_word' id='word_1_758' title='bbox 1775 1929 1861 1958; x_wconf 89' lang='lat' dir='ltr'>supra</span> 
     </span>
    </p>
   </div>
   <div class='ocr_carea' id='block_1_12' title="bbox 1013 2123 1861 2968">
    <p class='ocr_par' dir='ltr' id='par_1_25' title="bbox 1013 2123 1861 2231">
     <span class='ocr_line' id='line_1_110' title="bbox 1013 2123 1861 2154; baseline 0.005 -10"><span class='ocrx_word' id='word_1_759' title='bbox 1013 2128 1075 2145; x_wconf 88' lang='lat' dir='ltr'>eum.</span> <span class='ocrx_word' id='word_1_760' title='bbox 1095 2134 1126 2139; x_wconf 94' lang='lat'>—</span> <span class='ocrx_word' id='word_1_761' title='bbox 1146 2123 1169 2145; x_wconf 91' lang='lat' dir='ltr'>ln</span> <span class='ocrx_word' id='word_1_762' title='bbox 1186 2123 1297 2145; x_wconf 88' lang='lat' dir='ltr'>sententia</span> <span class='ocrx_word' id='word_1_763' title='bbox 1309 2123 1418 2151; x_wconf 63' lang='lat' dir='ltr'>August„</span> <span class='ocrx_word' id='word_1_764' title='bbox 1429 2130 1489 2153; x_wconf 85' lang='lat' dir='ltr'>quae</span> <span class='ocrx_word' id='word_1_765' title='bbox 1505 2127 1539 2147; x_wconf 84' lang='lat' dir='ltr'>est</span> <span class='ocrx_word' id='word_1_766' title='bbox 1551 2124 1572 2147; x_wconf 87' lang='lat' dir='ltr'>in</span> <span class='ocrx_word' id='word_1_767' title='bbox 1590 2125 1649 2147; x_wconf 87' lang='lat' dir='ltr'>loan.</span> <span class='ocrx_word' id='word_1_768' title='bbox 1666 2126 1755 2154; x_wconf 82' lang='lat' dir='ltr'>Evang.</span> <span class='ocrx_word' id='word_1_769' title='bbox 1767 2128 1795 2148; x_wconf 82' lang='lat' dir='ltr'>tr.</span> <span class='ocrx_word' id='word_1_770' title='bbox 1807 2126 1861 2149; x_wconf 76' lang='lat'>⁴20.</span> 
     </span>
     <span class='ocr_line' id='line_1_111' title="bbox 1014 2161 1861 2193; baseline 0.006 -11"><span class='ocrx_word' id='word_1_771' title='bbox 1014 2167 1036 2183; x_wconf 92' lang='lat' dir='ltr'>n.</span> <span class='ocrx_word' id='word_1_772' title='bbox 1054 2161 1080 2188; x_wconf 87' lang='lat'>5,</span> <span class='ocrx_word' id='word_1_773' title='bbox 1098 2161 1166 2183; x_wconf 84' lang='lat' dir='ltr'>codd.</span> <span class='ocrx_word' id='word_1_774' title='bbox 1185 2161 1293 2184; x_wconf 89' lang='lat' dir='ltr'>omittunt</span> <span class='ocrx_word' id='word_1_775' title='bbox 1308 2161 1392 2185; x_wconf 77' lang='lat' dir='ltr'>Iudaei</span> <span class='ocrx_word' id='word_1_776' title='bbox 1407 2163 1489 2186; x_wconf 84' lang='lat' dir='ltr'>Latine</span> <span class='ocrx_word' id='word_1_777' title='bbox 1506 2162 1619 2186; x_wconf 82' lang='lat' dir='ltr'>usitatius</span> <span class='ocrx_word' id='word_1_778' title='bbox 1635 2163 1702 2193; x_wconf 82' lang='lat' dir='ltr'>apud</span> <span class='ocrx_word' id='word_1_779' title='bbox 1716 2170 1810 2187; x_wconf 78' lang='lat' dir='ltr'>nos.——</span> <span class='ocrx_word' id='word_1_780' title='bbox 1821 2165 1861 2187; x_wconf 85' lang='lat' dir='ltr'>Su·</span> 
     </span>
     <span class='ocr_line' id='line_1_112' title="bbox 1014 2200 1804 2231; baseline 0.005 -9"><span class='ocrx_word' id='word_1_781' title='bbox 1014 2200 1093 2228; x_wconf 88' lang='lat' dir='ltr'>perius</span> <span class='ocrx_word' id='word_1_782' title='bbox 1111 2200 1208 2223; x_wconf 88' lang='lat' dir='ltr'>vocibus</span> <span class='ocrx_word' id='word_1_783' title='bbox 1224 2206 1266 2224; x_wconf 81' lang='lat' dir='ltr'>nec</span> <span class='ocrx_word' id='word_1_784' title='bbox 1284 2200 1352 2231; x_wconf 78' lang='lat' dir='ltr'>tonye</span> <span class='ocrx_word' id='word_1_785' title='bbox 1368 2202 1405 2224; x_wconf 86' lang='lat' dir='ltr'>ed.</span> <span class='ocrx_word' id='word_1_786' title='bbox 1422 2208 1476 2225; x_wconf 89' lang='lat' dir='ltr'>cum</span> <span class='ocrx_word' id='word_1_787' title='bbox 1494 2203 1596 2224; x_wconf 89' lang='lat' dir='ltr'>Gorrano</span> <span class='ocrx_word' id='word_1_788' title='bbox 1614 2202 1727 2225; x_wconf 89' lang='lat' dir='ltr'>interserit</span> <span class='ocrx_word' id='word_1_789' title='bbox 1743 2209 1804 2226; x_wconf 70' lang='lat' dir='ltr'>eum.</span> 
     </span>
    </p>

    <p class='ocr_par' dir='ltr' id='par_1_26' title="bbox 1013 2237 1859 2310">
     <span class='ocr_line' id='line_1_113' title="bbox 1076 2237 1859 2271; baseline 0.005 -10"><span class='ocrx_word' id='word_1_790' title='bbox 1076 2237 1086 2251; x_wconf 77' lang='lat'>⁵</span> <span class='ocrx_word' id='word_1_791' title='bbox 1103 2240 1162 2262; x_wconf 91' lang='lat' dir='ltr'>Vide</span> <span class='ocrx_word' id='word_1_792' title='bbox 1178 2239 1296 2268; x_wconf 90' lang='lat' dir='ltr'>Chrysost.</span> <span class='ocrx_word' id='word_1_793' title='bbox 1313 2240 1334 2262; x_wconf 88' lang='lat' dir='ltr'>in</span> <span class='ocrx_word' id='word_1_794' title='bbox 1352 2242 1413 2263; x_wconf 87' lang='lat' dir='ltr'>loan.</span> <span class='ocrx_word' id='word_1_795' title='bbox 1428 2242 1506 2264; x_wconf 91' lang='lat' dir='ltr'>homil.</span> <span class='ocrx_word' id='word_1_796' title='bbox 1524 2242 1561 2264; x_wconf 82' lang='lat'>85.</span> <span class='ocrx_word' id='word_1_797' title='bbox 1580 2242 1645 2271; x_wconf 83' lang='lat' dir='ltr'>(alias</span> <span class='ocrx_word' id='word_1_798' title='bbox 1661 2242 1708 2271; x_wconf 71' lang='lat'>8-4.)</span> <span class='ocrx_word' id='word_1_799' title='bbox 1726 2249 1749 2265; x_wconf 85' lang='lat' dir='ltr'>n.</span> <span class='ocrx_word' id='word_1_800' title='bbox 1767 2243 1789 2265; x_wconf 85' lang='lat'>3.</span> <span class='ocrx_word' id='word_1_801' title='bbox 1800 2243 1859 2265; x_wconf 83' lang='lat' dir='ltr'>circa</span> 
     </span>
     <span class='ocr_line' id='line_1_114' title="bbox 1013 2278 1627 2310; baseline 0.005 -9"><span class='ocrx_word' id='word_1_802' title='bbox 1013 2278 1092 2301; x_wconf 82' lang='lat' dir='ltr'>finem.</span> <span class='ocrx_word' id='word_1_803' title='bbox 1105 2291 1136 2295; x_wconf 97' lang='lat'><strong>—</strong></span> <span class='ocrx_word' id='word_1_804' title='bbox 1148 2279 1259 2307; x_wconf 86' lang='lat' dir='ltr'>Superius</span> <span class='ocrx_word' id='word_1_805' title='bbox 1275 2285 1317 2307; x_wconf 86' lang='lat' dir='ltr'>pro</span> <span class='ocrx_word' id='word_1_806' title='bbox 1334 2279 1375 2303; x_wconf 84' lang='lat' dir='ltr'>sed</span> <span class='ocrx_word' id='word_1_807' title='bbox 1391 2280 1428 2302; x_wconf 87' lang='lat' dir='ltr'>ed.</span> <span class='ocrx_word' id='word_1_808' title='bbox 1445 2282 1542 2308; x_wconf 73' lang='lat' dir='ltr'>eontra,</span> <span class='ocrx_word' id='word_1_809' title='bbox 1562 2280 1627 2310; x_wconf 79' lang='lat' dir='ltr'>quia.</span> 
     </span>
    </p>

    <p class='ocr_par' dir='ltr' id='par_1_27' title="bbox 1014 2315 1861 2423">
     <span class='ocr_line' id='line_1_115' title="bbox 1076 2315 1861 2347; baseline 0.005 -8"><span class='ocrx_word' id='word_1_810' title='bbox 1076 2315 1085 2328; x_wconf 96' lang='lat'>⁷</span> <span class='ocrx_word' id='word_1_811' title='bbox 1105 2317 1170 2340; x_wconf 75' lang='lat' dir='ltr'>Vers.</span> <span class='ocrx_word' id='word_1_812' title='bbox 1196 2317 1237 2340; x_wconf 73' lang='lat'>43:</span> <span class='ocrx_word' id='word_1_813' title='bbox 1264 2318 1331 2340; x_wconf 87' lang='lat' dir='ltr'>Venit</span> <span class='ocrx_word' id='word_1_814' title='bbox 1355 2319 1436 2346; x_wconf 85' lang='lat' dir='ltr'>loseph</span> <span class='ocrx_word' id='word_1_815' title='bbox 1459 2318 1488 2341; x_wconf 84' lang='lat' dir='ltr'>ab</span> <span class='ocrx_word' id='word_1_816' title='bbox 1512 2319 1674 2347; x_wconf 83' lang='lat' dir='ltr'>Arimathaea,</span> <span class='ocrx_word' id='word_1_817' title='bbox 1690 2319 1775 2343; x_wconf 82' lang='lat' dir='ltr'>nobilis</span> <span class='ocrx_word' id='word_1_818' title='bbox 1791 2321 1861 2343; x_wconf 84' lang='lat' dir='ltr'>decu-</span> 
     </span>
     <span class='ocr_line' id='line_1_116' title="bbox 1014 2355 1861 2384; baseline 0.005 -7"><span class='ocrx_word' id='word_1_819' title='bbox 1014 2355 1062 2383; x_wconf 88' lang='lat' dir='ltr'>rio,</span> <span class='ocrx_word' id='word_1_820' title='bbox 1078 2356 1118 2384; x_wconf 89' lang='lat' dir='ltr'>qui</span> <span class='ocrx_word' id='word_1_821' title='bbox 1136 2359 1158 2378; x_wconf 88' lang='lat' dir='ltr'>et</span> <span class='ocrx_word' id='word_1_822' title='bbox 1175 2356 1224 2384; x_wconf 84' lang='lat' dir='ltr'>ipse</span> <span class='ocrx_word' id='word_1_823' title='bbox 1241 2359 1289 2378; x_wconf 88' lang='lat' dir='ltr'>erat</span> <span class='ocrx_word' id='word_1_824' title='bbox 1306 2360 1441 2384; x_wconf 79' lang='lat' dir='ltr'>exspectans</span> <span class='ocrx_word' id='word_1_825' title='bbox 1457 2360 1499 2379; x_wconf 89' lang='lat' dir='ltr'>etc.</span> <span class='ocrx_word' id='word_1_826' title='bbox 1511 2369 1540 2373; x_wconf 94' lang='lat'><em>-</em></span> <span class='ocrx_word' id='word_1_827' title='bbox 1553 2357 1617 2380; x_wconf 88' lang='lat' dir='ltr'>Hanc</span> <span class='ocrx_word' id='word_1_828' title='bbox 1633 2357 1745 2380; x_wconf 86' lang='lat' dir='ltr'>rationem</span> <span class='ocrx_word' id='word_1_829' title='bbox 1762 2358 1861 2381; x_wconf 80' lang='lat' dir='ltr'>insinuat</span> 
     </span>
     <span class='ocr_line' id='line_1_117' title="bbox 1014 2393 1402 2423; baseline 0.003 -7"><span class='ocrx_word' id='word_1_830' title='bbox 1014 2393 1146 2422; x_wconf 86' lang='lat' dir='ltr'>Chrysost.;</span> <span class='ocrx_word' id='word_1_831' title='bbox 1164 2395 1204 2417; x_wconf 83' lang='lat' dir='ltr'>etr.</span> <span class='ocrx_word' id='word_1_832' title='bbox 1223 2401 1292 2423; x_wconf 90' lang='lat' dir='ltr'>supra</span> <span class='ocrx_word' id='word_1_833' title='bbox 1310 2398 1361 2417; x_wconf 86' lang='lat' dir='ltr'>nota</span> <span class='ocrx_word' id='word_1_834' title='bbox 1380 2396 1402 2418; x_wconf 86' lang='lat'>3.</span> 
     </span>
    </p>

    <p class='ocr_par' dir='ltr' id='par_1_28' title="bbox 1014 2431 1861 2533">
     <span class='ocr_line' id='line_1_118' title="bbox 1077 2431 1861 2464; baseline 0.004 -9"><span class='ocrx_word' id='word_1_835' title='bbox 1077 2431 1087 2444; x_wconf 83' lang='lat'>¹³</span> <span class='ocrx_word' id='word_1_836' title='bbox 1103 2432 1148 2456; x_wconf 83' lang='lat' dir='ltr'>Csr.</span> <span class='ocrx_word' id='word_1_837' title='bbox 1166 2434 1242 2455; x_wconf 85' lang='lat' dir='ltr'>Matth.</span> <span class='ocrx_word' id='word_1_838' title='bbox 1259 2434 1300 2462; x_wconf 89' lang='lat'>27⁷</span> <span class='ocrx_word' id='word_1_839' title='bbox 1318 2433 1426 2456; x_wconf 77' lang='lat' dir='ltr'>64:1ube</span> <span class='ocrx_word' id='word_1_840' title='bbox 1438 2440 1503 2462; x_wconf 84' lang='lat' dir='ltr'>ergo,</span> <span class='ocrx_word' id='word_1_841' title='bbox 1515 2435 1626 2457; x_wconf 89' lang='lat' dir='ltr'>custodiri</span> <span class='ocrx_word' id='word_1_842' title='bbox 1642 2435 1774 2463; x_wconf 85' lang='lat' dir='ltr'>sepulcrum</span> <span class='ocrx_word' id='word_1_843' title='bbox 1787 2442 1861 2464; x_wconf 86' lang='lat' dir='ltr'>usque</span> 
     </span>
     <span class='ocr_line' id='line_1_119' title="bbox 1014 2472 1860 2502; baseline 0.004 -8"><span class='ocrx_word' id='word_1_844' title='bbox 1014 2472 1038 2494; x_wconf 87' lang='lat' dir='ltr'>in</span> <span class='ocrx_word' id='word_1_845' title='bbox 1054 2472 1117 2495; x_wconf 87' lang='lat' dir='ltr'>diem</span> <span class='ocrx_word' id='word_1_846' title='bbox 1139 2473 1243 2501; x_wconf 85' lang='lat' dir='ltr'>tertium,</span> <span class='ocrx_word' id='word_1_847' title='bbox 1267 2479 1294 2495; x_wconf 88' lang='lat' dir='ltr'>ne</span> <span class='ocrx_word' id='word_1_848' title='bbox 1319 2474 1376 2495; x_wconf 78' lang='lat' dir='ltr'>torte</span> <span class='ocrx_word' id='word_1_849' title='bbox 1393 2474 1487 2495; x_wconf 76' lang='lat' dir='ltr'>veniant</span> <span class='ocrx_word' id='word_1_850' title='bbox 1511 2473 1619 2502; x_wconf 87' lang='lat' dir='ltr'>discipuli</span> <span class='ocrx_word' id='word_1_851' title='bbox 1641 2474 1691 2496; x_wconf 91' lang='lat' dir='ltr'>eius</span> <span class='ocrx_word' id='word_1_852' title='bbox 1713 2476 1736 2497; x_wconf 88' lang='lat' dir='ltr'>et</span> <span class='ocrx_word' id='word_1_853' title='bbox 1757 2475 1860 2497; x_wconf 76' lang='lat' dir='ltr'>furentur</span> 
     </span>
     <span class='ocr_line' id='line_1_120' title="bbox 1014 2514 1129 2533; baseline 0 0"><span class='ocrx_word' id='word_1_854' title='bbox 1014 2517 1068 2533; x_wconf 90' lang='lat' dir='ltr'>eum</span> <span class='ocrx_word' id='word_1_855' title='bbox 1086 2514 1129 2533; x_wconf 90' lang='lat' dir='ltr'>etc.</span> 
     </span>
    </p>

    <p class='ocr_par' dir='ltr' id='par_1_29' title="bbox 1014 2548 1861 2695">
     <span class='ocr_line' id='line_1_121' title="bbox 1077 2548 1861 2580; baseline 0.005 -8"><span class='ocrx_word' id='word_1_856' title='bbox 1077 2548 1087 2561; x_wconf 74' lang='lat'>⁹</span> <span class='ocrx_word' id='word_1_857' title='bbox 1104 2551 1179 2572; x_wconf 79' lang='lat' dir='ltr'>lllatth.</span> <span class='ocrx_word' id='word_1_858' title='bbox 1198 2550 1238 2578; x_wconf 81' lang='lat' dir='ltr'>to,</span> <span class='ocrx_word' id='word_1_859' title='bbox 1256 2551 1292 2572; x_wconf 83' lang='lat'>32.</span> <span class='ocrx_word' id='word_1_860' title='bbox 1310 2557 1372 2579; x_wconf 87' lang='lat' dir='ltr'>seq.:</span> <span class='ocrx_word' id='word_1_861' title='bbox 1384 2551 1465 2574; x_wconf 88' lang='lat' dir='ltr'>Omnis</span> <span class='ocrx_word' id='word_1_862' title='bbox 1475 2557 1543 2579; x_wconf 82' lang='lat' dir='ltr'>ergo,</span> <span class='ocrx_word' id='word_1_863' title='bbox 1555 2552 1595 2580; x_wconf 88' lang='lat' dir='ltr'>qui</span> <span class='ocrx_word' id='word_1_864' title='bbox 1611 2551 1757 2575; x_wconf 80' lang='lat' dir='ltr'>confitebitur</span> <span class='ocrx_word' id='word_1_865' title='bbox 1773 2559 1811 2575; x_wconf 81' lang='lat' dir='ltr'>me</span> <span class='ocrx_word' id='word_1_866' title='bbox 1822 2559 1861 2576; x_wconf 89' lang='lat' dir='ltr'>co-</span> 
     </span>
     <span class='ocr_line' id='line_1_122' title="bbox 1014 2588 1859 2617; baseline 0.005 -7"><span class='ocrx_word' id='word_1_867' title='bbox 1014 2594 1064 2610; x_wconf 88' lang='lat' dir='ltr'>ram</span> <span class='ocrx_word' id='word_1_868' title='bbox 1083 2588 1227 2617; x_wconf 83' lang='lat' dir='ltr'>hominibus,</span> <span class='ocrx_word' id='word_1_869' title='bbox 1244 2588 1371 2611; x_wconf 80' lang='lat' dir='ltr'>confitebor</span> <span class='ocrx_word' id='word_1_870' title='bbox 1388 2591 1410 2611; x_wconf 90' lang='lat' dir='ltr'>et</span> <span class='ocrx_word' id='word_1_871' title='bbox 1433 2595 1477 2617; x_wconf 86' lang='lat' dir='ltr'>ego</span> <span class='ocrx_word' id='word_1_872' title='bbox 1494 2596 1547 2612; x_wconf 90' lang='lat' dir='ltr'>eum</span> <span class='ocrx_word' id='word_1_873' title='bbox 1566 2596 1644 2612; x_wconf 83' lang='lat' dir='ltr'>coram</span> <span class='ocrx_word' id='word_1_874' title='bbox 1661 2591 1727 2613; x_wconf 85' lang='lat' dir='ltr'>Patre</span> <span class='ocrx_word' id='word_1_875' title='bbox 1748 2597 1800 2614; x_wconf 90' lang='lat' dir='ltr'>meo</span> <span class='ocrx_word' id='word_1_876' title='bbox 1817 2594 1859 2614; x_wconf 85' lang='lat' dir='ltr'>etc.</span> 
     </span>
     <span class='ocr_line' id='line_1_123' title="bbox 1014 2627 1859 2657; baseline 0.006 -8"><span class='ocrx_word' id='word_1_877' title='bbox 1014 2627 1134 2655; x_wconf 85' lang='lat' dir='ltr'>Ambros.,</span> <span class='ocrx_word' id='word_1_878' title='bbox 1152 2628 1182 2650; x_wconf 88' lang='lat' dir='ltr'>X.</span> <span class='ocrx_word' id='word_1_879' title='bbox 1199 2628 1220 2649; x_wconf 92' lang='lat' dir='ltr'>in</span> <span class='ocrx_word' id='word_1_880' title='bbox 1233 2628 1286 2650; x_wconf 90' lang='lat' dir='ltr'>Luc.</span> <span class='ocrx_word' id='word_1_881' title='bbox 1305 2628 1346 2655; x_wconf 86' lang='lat'>23,</span> <span class='ocrx_word' id='word_1_882' title='bbox 1359 2628 1397 2650; x_wconf 89' lang='lat'>50.</span> <span class='ocrx_word' id='word_1_883' title='bbox 1414 2635 1436 2651; x_wconf 89' lang='lat' dir='ltr'>n.</span> <span class='ocrx_word' id='word_1_884' title='bbox 1450 2629 1643 2657; x_wconf 73' lang='lat' dir='ltr'>⁴382Quomodo</span> <span class='ocrx_word' id='word_1_885' title='bbox 1654 2629 1733 2653; x_wconf 67' lang='lat' dir='ltr'>iustus</span> <span class='ocrx_word' id='word_1_886' title='bbox 1749 2630 1859 2653; x_wconf 86' lang='lat' dir='ltr'>latebram</span> 
     </span>
     <span class='ocr_line' id='line_1_124' title="bbox 1014 2667 1858 2695; baseline 0.004 -6"><span class='ocrx_word' id='word_1_887' title='bbox 1014 2667 1108 2695; x_wconf 86' lang='lat' dir='ltr'>periculi</span> <span class='ocrx_word' id='word_1_888' title='bbox 1125 2667 1208 2689; x_wconf 91' lang='lat' dir='ltr'>timore</span> <span class='ocrx_word' id='word_1_889' title='bbox 1224 2667 1358 2695; x_wconf 79' lang='lat' dir='ltr'>quaesivit?</span> <span class='ocrx_word' id='word_1_890' title='bbox 1702 2667 1722 2681; x_wconf 87' lang='lat'>¹⁰</span> <span class='ocrx_word' id='word_1_891' title='bbox 1738 2670 1804 2692; x_wconf 87' lang='lat' dir='ltr'>Vers.</span> <span class='ocrx_word' id='word_1_892' title='bbox 1821 2670 1858 2692; x_wconf 89' lang='lat'>50.</span> 
     </span>
    </p>

    <p class='ocr_par' dir='ltr' id='par_1_30' title="bbox 1013 2704 1858 2930">
     <span class='ocr_line' id='line_1_125' title="bbox 1077 2704 1858 2736; baseline 0.005 -9"><span class='ocrx_word' id='word_1_893' title='bbox 1077 2704 1095 2717; x_wconf 91' lang='lat'>¹¹</span> <span class='ocrx_word' id='word_1_894' title='bbox 1113 2705 1173 2728; x_wconf 86' lang='lat' dir='ltr'>Libr.</span> <span class='ocrx_word' id='word_1_895' title='bbox 1191 2706 1220 2728; x_wconf 89' lang='lat' dir='ltr'>X.</span> <span class='ocrx_word' id='word_1_896' title='bbox 1244 2706 1267 2727; x_wconf 91' lang='lat' dir='ltr'>in</span> <span class='ocrx_word' id='word_1_897' title='bbox 1284 2707 1338 2728; x_wconf 85' lang='lat' dir='ltr'>Luc.</span> <span class='ocrx_word' id='word_1_898' title='bbox 1356 2706 1397 2733; x_wconf 87' lang='lat'>23,</span> <span class='ocrx_word' id='word_1_899' title='bbox 1423 2706 1460 2729; x_wconf 85' lang='lat'>50.</span> <span class='ocrx_word' id='word_1_900' title='bbox 1477 2713 1500 2729; x_wconf 89' lang='lat' dir='ltr'>n.</span> <span class='ocrx_word' id='word_1_901' title='bbox 1525 2707 1582 2730; x_wconf 70' lang='lat'>438:</span> <span class='ocrx_word' id='word_1_902' title='bbox 1601 2716 1613 2727; x_wconf 75' lang='grc' dir='ltr'><em>α</em></span> <span class='ocrx_word' id='word_1_903' title='bbox 1630 2708 1679 2736; x_wconf 81' lang='lat' dir='ltr'>Ego</span> <span class='ocrx_word' id='word_1_904' title='bbox 1696 2710 1772 2730; x_wconf 83' lang='lat' dir='ltr'>autem</span> <span class='ocrx_word' id='word_1_905' title='bbox 1790 2713 1858 2736; x_wconf 86' lang='lat' dir='ltr'>puto,</span> 
     </span>
     <span class='ocr_line' id='line_1_126' title="bbox 1014 2745 1858 2775; baseline 0.004 -9"><span class='ocrx_word' id='word_1_906' title='bbox 1014 2745 1077 2774; x_wconf 83' lang='lat' dir='ltr'>quod</span> <span class='ocrx_word' id='word_1_907' title='bbox 1094 2745 1147 2767; x_wconf 89' lang='lat' dir='ltr'>ideo</span> <span class='ocrx_word' id='word_1_908' title='bbox 1165 2745 1253 2767; x_wconf 88' lang='lat' dir='ltr'>occulte</span> <span class='ocrx_word' id='word_1_909' title='bbox 1270 2745 1373 2772; x_wconf 84' lang='lat' dir='ltr'>petierit,</span> <span class='ocrx_word' id='word_1_910' title='bbox 1391 2747 1415 2767; x_wconf 90' lang='lat' dir='ltr'>ut</span> <span class='ocrx_word' id='word_1_911' title='bbox 1432 2751 1518 2773; x_wconf 90' lang='lat' dir='ltr'>corpus</span> <span class='ocrx_word' id='word_1_912' title='bbox 1535 2746 1678 2774; x_wconf 86' lang='lat' dir='ltr'>impetraret,</span> <span class='ocrx_word' id='word_1_913' title='bbox 1696 2753 1741 2769; x_wconf 90' lang='lat' dir='ltr'>non</span> <span class='ocrx_word' id='word_1_914' title='bbox 1758 2749 1783 2769; x_wconf 89' lang='lat' dir='ltr'>ut</span> <span class='ocrx_word' id='word_1_915' title='bbox 1798 2747 1858 2775; x_wconf 89' lang='lat' dir='ltr'>peri-</span> 
     </span>
     <span class='ocr_line' id='line_1_127' title="bbox 1014 2784 1856 2815; baseline 0.005 -10"><span class='ocrx_word' id='word_1_916' title='bbox 1014 2784 1091 2806; x_wconf 86' lang='lat' dir='ltr'>culum</span> <span class='ocrx_word' id='word_1_917' title='bbox 1109 2787 1207 2805; x_wconf 83' lang='lat' dir='ltr'>caveret.</span> <span class='ocrx_word' id='word_1_918' title='bbox 1229 2784 1254 2805; x_wconf 84' lang='lat' dir='ltr'>Et</span> <span class='ocrx_word' id='word_1_919' title='bbox 1272 2786 1347 2805; x_wconf 85' lang='lat' dir='ltr'>tamen</span> <span class='ocrx_word' id='word_1_920' title='bbox 1371 2784 1427 2812; x_wconf 86' lang='lat' dir='ltr'>quid</span> <span class='ocrx_word' id='word_1_921' title='bbox 1449 2785 1546 2813; x_wconf 88' lang='lat' dir='ltr'>mirum,</span> <span class='ocrx_word' id='word_1_922' title='bbox 1563 2785 1581 2807; x_wconf 89' lang='lat' dir='ltr'>si</span> <span class='ocrx_word' id='word_1_923' title='bbox 1598 2785 1756 2808; x_wconf 82' lang='lat' dir='ltr'>occultabatur</span> <span class='ocrx_word' id='word_1_924' title='bbox 1773 2786 1856 2815; x_wconf 81' lang='lat' dir='ltr'>iustus,</span> 
     </span>
     <span class='ocr_line' id='line_1_128' title="bbox 1013 2822 1856 2852; baseline 0.005 -8"><span class='ocrx_word' id='word_1_925' title='bbox 1013 2822 1107 2851; x_wconf 90' lang='lat' dir='ltr'>quando</span> <span class='ocrx_word' id='word_1_926' title='bbox 1124 2822 1298 2845; x_wconf 76' lang='lat' dir='ltr'>occultabantur</span> <span class='ocrx_word' id='word_1_927' title='bbox 1314 2826 1337 2845; x_wconf 90' lang='lat' dir='ltr'>et</span> <span class='ocrx_word' id='word_1_928' title='bbox 1353 2823 1468 2851; x_wconf 80' lang='lat' dir='ltr'>Apostoli,</span> <span class='ocrx_word' id='word_1_929' title='bbox 1486 2824 1599 2846; x_wconf 84' lang='lat' dir='ltr'>iustorum</span> <span class='ocrx_word' id='word_1_930' title='bbox 1622 2825 1724 2852; x_wconf 75' lang='lat' dir='ltr'>magistri</span> <span class='ocrx_word' id='word_1_931' title='bbox 1737 2826 1767 2847; x_wconf 70' lang='lat' dir='ltr'>n?</span> <span class='ocrx_word' id='word_1_932' title='bbox 1784 2825 1856 2848; x_wconf 91' lang='lat' dir='ltr'>Codd.</span> 
     </span>
     <span class='ocr_line' id='line_1_129' title="bbox 1013 2861 1857 2888; baseline 0.004 -5"><span class='ocrx_word' id='word_1_933' title='bbox 1013 2861 1084 2884; x_wconf 89' lang='lat' dir='ltr'>nostri</span> <span class='ocrx_word' id='word_1_934' title='bbox 1101 2864 1124 2883; x_wconf 86' lang='lat' dir='ltr'>et</span> <span class='ocrx_word' id='word_1_935' title='bbox 1139 2862 1256 2884; x_wconf 87' lang='lat' dir='ltr'>Gorranus</span> <span class='ocrx_word' id='word_1_936' title='bbox 1268 2863 1323 2883; x_wconf 90' lang='lat' dir='ltr'>haec</span> <span class='ocrx_word' id='word_1_937' title='bbox 1342 2862 1420 2884; x_wconf 87' lang='lat' dir='ltr'>ultima</span> <span class='ocrx_word' id='word_1_938' title='bbox 1441 2862 1509 2885; x_wconf 86' lang='lat' dir='ltr'>verba</span> <span class='ocrx_word' id='word_1_939' title='bbox 1527 2863 1559 2885; x_wconf 84' lang='lat' dir='ltr'>sic</span> <span class='ocrx_word' id='word_1_940' title='bbox 1571 2863 1691 2886; x_wconf 80' lang='lat' dir='ltr'>exhibent:</span> <span class='ocrx_word' id='word_1_941' title='bbox 1708 2870 1762 2887; x_wconf 79' lang='lat' dir='ltr'>cum</span> <span class='ocrx_word' id='word_1_942' title='bbox 1779 2863 1857 2888; x_wconf 80' lang='lat' dir='ltr'>occul-</span> 
     </span>
     <span class='ocr_line' id='line_1_130' title="bbox 1013 2900 1406 2930; baseline 0.003 -7"><span class='ocrx_word' id='word_1_943' title='bbox 1013 2900 1127 2923; x_wconf 80' lang='lat' dir='ltr'>tabantur</span> <span class='ocrx_word' id='word_1_944' title='bbox 1143 2900 1251 2930; x_wconf 77' lang='lat' dir='ltr'>Apostoli</span> <span class='ocrx_word' id='word_1_945' title='bbox 1266 2900 1385 2924; x_wconf 80' lang='lat' dir='ltr'>iustorum</span> <span class='ocrx_word' id='word_1_946' title='bbox 1395 2902 1406 2924; x_wconf 79' lang='grc'><em>7</em></span> 
     </span>
    </p>

    <p class='ocr_par' dir='ltr' id='par_1_31' title="bbox 1076 2938 1585 2968">
     <span class='ocr_line' id='line_1_131' title="bbox 1076 2938 1585 2968; baseline 0.002 -6"><span class='ocrx_word' id='word_1_947' title='bbox 1076 2938 1094 2951; x_wconf 76' lang='lat'>¹²</span> <span class='ocrx_word' id='word_1_948' title='bbox 1112 2939 1168 2962; x_wconf 91' lang='lat' dir='ltr'>Cod.</span> <span class='ocrx_word' id='word_1_949' title='bbox 1186 2940 1203 2962; x_wconf 87' lang='lat' dir='ltr'><strong>N</strong></span> <span class='ocrx_word' id='word_1_950' title='bbox 1221 2939 1345 2968; x_wconf 76' lang='lat' dir='ltr'>unctione‚-</span> <span class='ocrx_word' id='word_1_951' title='bbox 1362 2941 1403 2962; x_wconf 86' lang='lat' dir='ltr'>err.</span> <span class='ocrx_word' id='word_1_952' title='bbox 1420 2946 1489 2968; x_wconf 86' lang='lat' dir='ltr'>supra</span> <span class='ocrx_word' id='word_1_953' title='bbox 1507 2947 1529 2963; x_wconf 89' lang='lat' dir='ltr'>n.</span> <span class='ocrx_word' id='word_1_954' title='bbox 1547 2941 1585 2963; x_wconf 81' lang='lat'>62.</span> 
     </span>
    </p>
   </div>
   <div class='ocr_carea' id='block_1_13' title="bbox 1881 572 2012 615">
    <p class='ocr_par' dir='ltr' id='par_1_32' title="bbox 1881 572 2012 615">
     <span class='ocr_line' id='line_1_132' title="bbox 1881 572 2012 615; baseline 0.008 -1"><span class='ocrx_word' id='word_1_955' title='bbox 1881 572 2012 615; x_wconf 55' lang='grc' dir='ltr'>ἒὲῗῗᾱῃῖἓὲ</span> 
     </span>
    </p>
   </div>
   <div class='ocr_carea' id='block_1_14' title="bbox 1881 1132 1958 1151">
    <p class='ocr_par' dir='ltr' id='par_1_33' title="bbox 1881 1132 1958 1151">
     <span class='ocr_line' id='line_1_133' title="bbox 1881 1132 1958 1151; baseline 0 0"><span class='ocrx_word' id='word_1_956' title='bbox 1881 1132 1958 1151; x_wconf 85' lang='lat' dir='ltr'>Contra.</span> 
     </span>
    </p>
   </div>
   <div class='ocr_carea' id='block_1_15' title="bbox 1882 1225 1939 1250">
    <p class='ocr_par' dir='ltr' id='par_1_34' title="bbox 1882 1225 1939 1250">
     <span class='ocr_line' id='line_1_134' title="bbox 1882 1225 1939 1250; baseline 0 -6"><span class='ocrx_word' id='word_1_957' title='bbox 1882 1225 1939 1250; x_wconf 68' lang='lat' dir='ltr'>Hesp.</span> 
     </span>
    </p>
   </div>
   <div class='ocr_carea' id='block_1_16' title="bbox 1877 1877 1934 1902">
    <p class='ocr_par' dir='ltr' id='par_1_35' title="bbox 1877 1877 1934 1902">
     <span class='ocr_line' id='line_1_135' title="bbox 1877 1877 1934 1902; baseline 0.018 -6"><span class='ocrx_word' id='word_1_958' title='bbox 1877 1877 1934 1902; x_wconf 76' lang='lat' dir='ltr'>Resp.</span> 
     </span>
    </p>
   </div>
  </div>
 </body>
</html>
