2296 3316
299 287 394 311 Expositio

307 310 388 329 moralis.

276 1030 361 1050 Secundo
369 1030 400 1049 de-

268 1055 356 1074 scribitur
367 1054 400 1072 mi-

269 1078 327 1097 raculi
342 1077 401 1096 mani-

269 1102 342 1120 festatio
363 1105 397 1125 per

269 1125 311 1143 tria.

307 1265 397 1284 Primum.

412 156 468 185 374

492 234 516 261 9.
539 231 695 260 Secundum
725 228 937 258 moralitatem:
965 236 1069 265 spuere
1089 230 1131 256 est
1152 227 1256 264 peccati

411 279 566 308 foeditatem
587 280 668 306 extra
688 275 832 309 nuntiare,
854 283 888 304 ne
909 275 980 303 sorte
1000 276 1161 311 putrescat;
1184 274 1256 303 Psal-

412 326 511 353 mus¹:
544 325 731 352 putruerunt
760 325 784 351 et
815 324 972 358 corruptae
1002 324 1071 349 sunt
1106 320 1256 349 cicatrices

411 380 491 400 meae
511 379 530 399 a
550 369 628 407 facie
655 369 839 406 insipientiae
866 376 963 401 meae;
984 370 1012 396 et
1040 367 1255 396 Proverbiorum

412 418 543 455 vigesimo
569 420 681 445 octavo:
709 416 767 452 Qui
797 414 948 444 abscondit
973 414 1082 443 scelera
1112 422 1170 442 sua
1197 422 1257 442 non

411 464 573 501 dirmetum
595 463 646 501 qui
666 466 763 491 autem
784 460 935 498 confessus
955 460 1047 498 fuerit
1068 464 1092 489 et
1107 460 1256 498 reliquerit

411 519 445 540 ea
464 510 699 538 misericordiam
720 511 916 546 consequetur.
941 524 977 528 —
999 508 1072 536 Luto
1093 506 1191 535 oeulos
1211 506 1256 535 in-

413 565 519 594 ungere
539 559 580 585 est
600 558 711 593 peccata
732 555 893 592 frequenter
914 554 1104 587 considerare;
1127 553 1257 582 Ieremiae

412 603 552 640 trigesimo
573 602 701 639 primo2:
725 601 824 630 Statue
853 601 905 629 tibi
925 600 1089 637 speculam,
1108 608 1183 637 pone
1205 599 1258 628 tibi

412 650 628 679 amaritudines
636 660 646 683 ;
667 649 751 678 Isaiae
779 648 920 685 trigesimo
951 650 1062 676 octavo:
1086 646 1256 684 Recoqitabo

412 697 464 726 tibi
490 705 586 725 omnes
617 704 711 724 annos
740 704 817 724 meos
848 695 880 724 in
906 694 1108 723 amaritudine
1139 694 1258 722 animae

412 752 498 773 meae.
521 759 558 764 —
579 743 705 777 Laoari,
721 750 771 780 per
792 743 940 779 lacrymas;
960 741 1121 770 psalmus-⁸³:
1140 746 1257 769 Lavabo

409 800 463 828 per
483 790 618 828 singulas
638 792 733 818 noctes
755 789 857 818 lectum
877 797 990 822 meum,
1018 787 1160 825 lacrymis
1186 786 1258 815 meis

412 841 539 866 stratum
554 844 651 865 meum
665 835 787 873 riyaboe
808 838 836 864 et
856 835 939 863 Isaiae
954 834 1061 871 primo:
1082 833 1257 867 Lavamini,

412 884 518 912 mundi
537 886 635 916 estote,
651 881 765 919 auferte
779 881 893 910 malum
913 880 1123 918 cogitationum
1147 884 1257 909 vestra*

413 939 480 959 rum
503 930 539 958 ab
560 929 652 958 oculis
672 928 759 962 meis,
782 928 915 967 quiescite
936 936 1022 965 (tyere
1040 936 1183 964 peruerse.

493 978 536 1005 10.
559 977 659 1014 Itaque
686 976 777 1004 vicini
797 978 848 1004 etc.
881 975 970 1004 Posita
996 977 1038 1003 est
1064 977 1091 1003 et
1121 974 1259 1011 descripta

413 1023 546 1052 mirabilis
566 1022 745 1056 illuminatio,
767 1022 935 1051 describitur
957 1021 1001 1050 hic
1023 1021 1118 1059 ipsius
1133 1019 1257 1058 manife-

412 1071 515 1104 statio,
536 1073 564 1099 et
594 1070 646 1099 hoc
676 1069 785 1098 ordine:
813 1069 904 1106 primo
931 1068 1074 1097 inducitur
1095 1068 1259 1101 dubitatio,-

413 1117 549 1151 secundo,
572 1116 770 1145 dubitantium
791 1115 977 1153 certificatio,·
999 1115 1097 1150 tertio,
1112 1114 1259 1144 mirabilis

414 1164 639 1193 illuminationis
659 1163 815 1200 expressio.

492 1211 581 1246 (Vers.
604 1211 652 1246 8.).
674 1210 817 1239 Inducitur
838 1218 904 1247 ergo
929 1210 1020 1247 primo
1048 1210 1190 1238 dubitatio
1217 1210 1260 1238 vi-

415 1259 566 1292 cinorum,
598 1258 646 1295 qui
678 1266 714 1286 ex
746 1257 926 1286 admiratione
957 1257 1157 1286 immutationis
1185 1257 1261 1285 visus

415 1305 493 1334 non4
513 1312 678 1342 cognoscere
699 1312 728 1333 se
747 1304 875 1333 dubitant
896 1304 1098 1338 illuminatum;
1114 1306 1261 1340 propterea

415 1352 492 1381 dicit:
525 1352 626 1389 Itaque
653 1351 744 1380 vicini
773 1355 797 1379 et
823 1350 875 1389 qui
904 1351 1039 1379 viderant
1067 1359 1133 1379 eum
1154 1350 1259 1387 prius,

416 1399 487 1437 quia
507 1398 657 1426 mendicus
678 1401 759 1432 erat,
787 1398 858 1426 sicut
886 1397 958 1426 caeci
987 1397 1142 1425 mendicare
1164 1397 1259 1425 solent.

416 1446 493 1475 Tales
513 1453 646 1482 personas
667 1446 782 1474 miseras
803 1448 829 1474 et
850 1444 1069 1481 contemptibiles
1084 1448 1110 1472 et
1125 1452 1261 1481 pauperes

415 1492 537 1520 maxime
557 1491 691 1520 Dominus
712 1491 848 1528 benignus
862 1494 889 1519 et
910 1490 1024 1518 humilis
1039 1490 1170 1524 curabat;
1187 1490 1261 1518 unde

416 1538 449 1567 de
468 1538 601 1567 consimili
617 1538 705 1566 Lucae
719 1537 824 1566 decimo
845 1539 941 1565 octavo
953 1537 979 1565 ⁵:
1000 1548 1013 1561 κ
1025 1536 1128 1565 Caecus
1149 1535 1261 1572 quidam

416 1585 527 1614 sedebat
548 1592 628 1613 secus
647 1584 719 1612 viam
742 1584 899 1612 mendicans
914 1594 940 1618 »;
967 1594 980 1608 «
996 1587 1079 1611 stans
1107 1585 1199 1611 autem
1222 1583 1260 1611 Ie-

415 1639 463 1659 sus
477 1643 491 1656 »
506 1630 607 1659 dicitur
622 1630 658 1658 ibi
674 1630 748 1667 quod
763 1630 928 1658 illuminavit
943 1629 1031 1657 illum.
1048 1629 1086 1657 Illi
1102 1629 1195 1665 igitur,
1212 1628 1259 1665 qui

415 1677 539 1706 solebant
559 1685 622 1705 eum
644 1676 753 1711 videre,
775 1676 908 1705 dicebant
916 1686 924 1704 .·
947 1675 1047 1704 Nonne
1069 1675 1114 1704 liic
1134 1679 1190 1709 est,
1210 1675 1261 1713 qui

414 1723 528 1751 sedebat
541 1726 566 1751 et
579 1723 783 1751 mendicabat?
804 1723 961 1751 Dubitando
976 1723 1028 1751 hoc
1042 1722 1169 1751 dicebant
1190 1724 1217 1750 et
1232 1721 1260 1749 in

415 1770 466 1798 hac
487 1769 657 1798 dubitatione
677 1769 889 1803 dissentiebant;
912 1769 986 1798 unde
1007 1769 1087 1797 dicit:
1110 1769 1172 1797 Alii
1185 1769 1260 1797 dice-

415 1816 501 1845 bant:
525 1816 602 1852 Quia
623 1815 669 1845 liic
689 1820 746 1850 est,
768 1816 972 1845 considerantes
993 1816 1117 1852 corporis
1131 1816 1259 1852 figuram.

495 1864 538 1891 11.
562 1863 650 1898 (Vers.
673 1864 721 1898 9.).
752 1863 813 1891 Alii
840 1866 938 1891 autem
969 1862 1114 1891 dicebaut:
1144 1861 1260 1900 Nequa-

414 1918 521 1948 quam,
542 1909 592 1937 sed
612 1909 717 1938 similis
738 1913 779 1938 est
799 1909 839 1943 ei,·
864 1909 1070 1937 considerantes
1101 1909 1178 1937 visus
1209 1908 1260 1937 im-

414 1957 610 1990 mutationem,
631 1956 749 1985 credunt
768 1956 870 1990 alium,
893 1955 940 1984 sed
961 1956 1086 1984 similem.

1029 149 1198 179 COMMENT.
1221 150 1254 179 lN
1275 149 1421 178 IOANNEM
1442 149 1470 178 C.
1493 150 1534 178 lx.

1391 227 1441 256 Ille
1455 230 1553 256 autem
1563 228 1574 244 θ
1589 227 1709 256 dicebat.
1724 227 1858 264 Tangitur
1870 227 1914 256 hic
1930 227 2093 262 secundum,
2107 228 2160 258 sci·
2176 236 2267 256 Secundu·

1312 273 1376 303 licet
1396 274 1588 303 dubitationis
1608 274 1791 310 certificatio,
1814 281 1885 311 quae
1906 274 1937 302 fit
1958 282 2007 311 per
2029 282 2158 311 caecum,

1313 320 1360 357 qni
1376 328 1405 349 se
1418 321 1511 358 ipsum
1526 320 1756 350 certitudinaliter
1771 320 1968 357 cognoscebat3
1983 320 2057 350 unde
2077 321 2158 351 dicit:

1312 366 1363 395 Ille
1383 371 1481 396 autem
1502 367 1629 396 dicebat:
1653 367 1731 403 Quia
1751 375 1801 404 eqo
1821 375 1905 401 sum,
1920 367 2024 396 scilicet
2045 367 2090 397 ille
2111 368 2159 406 qui

1313 421 1412 443 caecus
1442 414 1622 443 mendicabat.
1652 414 1859 451 Augustinus⁷:
1890 425 1903 439 α
1918 413 1979 442 Vox
2000 417 2094 451 grata,
2125 422 2161 444 ne

1312 459 1492 489 damnare-tur
1513 461 1639 498 ingratus
1653 472 1680 489 ».
1703 461 1759 490 Non
1781 461 1963 490 erubescebat
1983 469 2082 490 caecus
2096 469 2160 491 con-

1312 506 1401 541 fiteri,
1423 515 1452 536 se
1473 508 1558 536 fuisse
1579 515 1705 542 caecum,
1720 508 1754 536 ad
1768 508 1883 545 gloriam
1905 508 1966 543 Dei;
1982 508 2056 537 unde
2070 509 2161 538 Eccle-

1313 553 1414 582 siastici
1436 554 1573 591 quartoS:
1599 566 1613 579 «
1628 555 1674 583 Est
1695 555 1819 584 confusio
1840 554 1980 584 adducens
1999 558 2118 585 mortem
2133 567 2161 591 »‚

1313 608 1385 636 quae
1412 600 1515 629 scilicet
1542 601 1643 629 minuit
1668 601 1784 637 gloriam
1805 600 1853 629 Dei
1882 604 1996 638 propter
2021 605 2160 637 nostram;

1319 658 1332 672 «
1346 650 1373 675 et
1394 649 1436 675 est
1456 647 1581 676 confusio
1608 647 1748 676 adducens
1769 648 1884 684 gloriam
1906 651 1933 677 et
1954 649 2071 685 gratiam
2085 661 2113 684 v,
2134 651 2162 678 et

1314 701 1385 730 quae
1407 693 1507 722 minuit
1528 696 1652 722 nostram
1672 694 1788 730 gloriam
1817 697 1844 723 et
1871 695 2026 724 manifestat
2046 695 2162 733 ignomi-

1313 740 1387 768 niam
1408 739 1442 768 ad
1463 739 1584 768 divinam
1605 740 1722 776 gloriam
1742 741 1979 770 manifestandam.

1396 787 1439 814 1⁹2.
1462 786 1551 821 (Vers.
1576 786 1642 822 10.>.
1666 786 1805 815 Dicebant
1825 795 1893 824 erqo
1914 787 1947 816 ei.
1963 788 2097 825 Tangitur
2116 788 2162 818 hio

1314 833 1444 867 tertium,
1466 833 1570 861 scilicet
1590 832 1738 861 mirabilis
1759 832 1984 863 illuminationis
2004 835 2161 872 expressio,

1315 883 1341 909 et
1362 880 1415 908 hoc
1443 880 1477 908 ad
1508 879 1714 917 inquisitionem
1743 879 1947 915 dubitantium
1978 881 2052 910 unde
2080 881 2160 911 dicit:

1316 926 1453 955 Dicebant
1474 935 1542 964 erqo
1563 927 1605 955 ei:
1623 926 1771 962 Quomodo
1793 927 1889 963 aperti
1901 931 1972 956 sunt
1985 928 2063 957 oculi
2077 928 2122 957 tui
2132 928 2162 957 ⁹?

1315 982 1351 1002 ex
1373 982 1429 1010 quo
1450 975 1481 1002 tu
1502 981 1532 1002 es
1562 973 1608 1002 ille
1635 973 1683 1010 qui
1705 981 1803 1002 caecus
1834 976 1902 1002 erat.
1925 974 1956 1003 Et
1981 966 2103 1003 insinuat
2124 975 2163 1004 eis

1315 1024 1463 1049 auctorem
1485 1023 1513 1049 et
1533 1020 1661 1048 modum.

1397 1067 1440 1096 13.
1463 1067 1551 1103 (Vers.
1578 1067 1642 1103 11.).
1666 1066 1835 1104 Respondit:
1858 1066 1907 1095 Ille
1927 1065 2028 1102 ltomo,
2049 1067 2102 1105 qui
2121 1068 2163 1096 di-

1316 1115 1394 1143 citur
1417 1114 1513 1147 lesus,
1536 1113 1601 1150 quia
1622 1114 1744 1142 nondum
1771 1113 1900 1142 credebat
1932 1113 2035 1148 Deum,
2067 1114 2162 1143 lutum

1316 1160 1384 1199 fecit
1404 1163 1428 1189 et
1448 1160 1542 1189 linivit
1563 1160 1659 1189 oculos
1680 1168 1774 1193 meos,·
1796 1168 1872 1194 ecce,
1887 1160 2026 1197 operatio;
2048 1164 2074 1189 et
2087 1161 2163 1190 dixit

1316 1206 1403 1237 mibi:
1431 1207 1507 1235 Vade
1529 1207 1569 1236 ad
1589 1207 1742 1235 natatoria
1764 1207 1838 1236 Siloe
1858 1210 1884 1236 et
1905 1207 1989 1241 lava,·
2009 1215 2081 1242 ecce,
2103 1208 2164 1237 eius

1317 1255 1474 1292 praeceptio
1482 1266 1488 1289 ;
1511 1258 1536 1283 et
1556 1254 1618 1283 abii
1637 1258 1663 1283 et
1684 1254 1744 1283 lavi
1757 1257 1782 1283 et
1795 1255 1858 1283 vidi
1870 1255 1910 1289 1⁰;
1932 1262 2007 1290 ecce,
2023 1255 2163 1292 praecepti

1317 1302 1474 1339 adimpletio
1495 1304 1522 1331 et
1543 1309 1592 1338 per
1620 1302 1694 1330 illam
1722 1302 1894 1331 illuminatio.
1924 1302 2063 1339 Implendo
2090 1302 2163 1331 enim

1316 1349 1478 1378 mandatum
1498 1349 1600 1378 Christi
1622 1349 1795 1378 illuminatur
1817 1349 1913 1384 homo,
1928 1349 2010 1386 quia,
2032 1349 2104 1378 sicut
2123 1349 2164 1378 di-

1317 1396 1390 1424 citur
1407 1395 1618 1424 Proverbiorum
1634 1398 1714 1424 sexto
1726 1397 1764 1430 ¹¹,
1784 1407 1798 1421 «
1809 1396 1969 1425 mandatum
1984 1396 2099 1425 lucerna
2113 1399 2163 1431 est,

1317 1445 1344 1470 et
1371 1442 1417 1470 lex
1447 1442 1539 1476 lux»,
1566 1450 1637 1478 quae
1665 1442 1810 1471 observata
1837 1442 1991 1476 illuminat;
2024 1443 2163 1472 Psalmus:

1322 1500 1335 1513 «
1349 1488 1529 1525 Praeceptum
1545 1488 1653 1516 Domini
1668 1488 1807 1523 lucidum,
1823 1488 1982 1518 illuminans
1995 1489 2091 1518 0011105
2103 1490 2125 1507 1²
2136 1501 2163 1518 ».

1639 1581 1840 1617 Quaem-muns,

1398 1675 1441 1703 14.
1464 1675 1573 1711 Quaest.
1603 1675 1620 1703 I.
1648 1675 1699 1703 Sed
1726 1675 1822 1704 incidit
1850 1675 1895 1703 hic
1923 1675 2048 1712 quaestio
2075 1675 2165 1713 primo

1316 1721 1349 1749 de
1364 1721 1416 1750 1100
1431 1721 1505 1758 quod
1519 1721 1615 1750 dicunt
1629 1721 1772 1758 discipuli:
1790 1721 1862 1757 Quis
1873 1721 2018 1758 peccavit,
2038 1720 2097 1756 hic,
2113 1724 2166 1750 aut

1313 1771 1450 1805 parentes
1470 1768 1553 1796 eius?
1570 1785 1606 1788 —
1623 1768 1662 1796 Ex
1677 1768 1729 1797 hoc
1745 1768 1874 1797 videntur
1887 1768 1909 1785 1³
1924 1768 2075 1805 implicare,
2090 1768 2166 1805 quod

1317 1815 1366 1844 filii
1388 1815 1540 1852 puniantur
1562 1818 1676 1852 propter
1698 1818 1809 1852 peccata
1830 1817 1987 1852 parentum.

1396 1862 1509 1890 CONTRA
1530 1862 1582 1890 hoc
1597 1864 1638 1890 est
1652 1861 1721 1901 illud
1736 1861 2006 1891 Ezechielis'decimo
2021 1864 2117 1891 octavo
2126 1863 2163 1890 ¹4:

1317 1908 1382 1937 Non
1400 1908 1531 1945 portabit
1550 1912 1634 1945 pater
1655 1908 1838 1946 iniquitatem
1851 1908 1922 1945 lilii,
1938 1917 1988 1937 nec
2007 1908 2089 1946 filius
2103 1908 2159 1937 ini-

1317 1955 1455 1993 quitatem
1472 1955 1584 1992 patris:
1606 1963 1672 1992 ergo
1693 1963 1747 1984 non
1769 1955 1850 1984 debet
1870 1955 1945 1984 filius
1966 1958 2080 1992 propter
2101 1963 2165 1992 pec-

477 2116 484 2128 ¹
503 2117 584 2138 Psalm.
603 2116 639 2145 37,
657 2116 679 2138 6.
697 2128 726 2132 —-
742 2116 786 2138 Pro
808 2122 857 2145 seq.
879 2116 928 2138 1000
955 2116 1063 2138 exhibent
1084 2116 1153 2139 codd.
1171 2119 1259 2138 tantum

416 2155 484 2178 Pror-
501 2154 548 2183 28,
566 2161 592 2178 ex
610 2161 656 2184 quo
673 2155 711 2178 ed.
728 2156 811 2183 allegat
831 2162 853 2177 v.
873 2155 910 2177 Ἰ13.
927 2155 1007 2184 (quem
1030 2155 1188 2184 retinuimus),
1207 2158 1260 2183 post

415 2201 484 2223 quem
506 2194 587 2217 eadem
610 2195 648 2217 ed.
670 2194 748 2217 addit:
767 2194 852 2218 Glossa
875 2193 1048 2224 [interlinearis
1067 2195 1088 2216 in
1107 2195 1167 2217 ioan.
1185 2195 1210 2222 9,
1229 2194 1258 2221 6;

415 2233 444 2255 de
464 2239 509 2262 qua
531 2234 570 2255 cfr.
588 2234 692 2261 August„
710 2233 732 2256 in
749 2234 808 2255 loan.
826 2234 912 2261 Evang.
931 2236 957 2255 tr.
975 2234 997 2255 2.
1015 2239 1037 2255 n.
1059 2233 1101 2262 16.]
1113 2241 1117 2255 ε
1131 2232 1201 2261 Ecce,
1214 2232 1258 2256 col-

416 2271 517 2301 lyrium,
537 2277 582 2301 quo
599 2271 699 2301 ungitur
717 2278 791 2302 genus
809 2272 949 2295 humanum.
967 2285 998 2289 —
1016 2272 1126 2300 Superius
1149 2278 1191 2300 pro
1204 2278 1259 2301 pu-

415 2311 511 2337 trescat,
531 2310 595 2339 quod
612 2311 697 2333 liabent
713 2311 730 2333 B
747 2313 769 2333 et
786 2311 835 2338 ed.,
853 2311 923 2333 ceteri
939 2311 1008 2333 codd.
1024 2312 1171 2340 putrescant.

477 2347 486 2360 Ξ
504 2349 569 2371 Vers.
586 2350 623 2371 21.
640 2361 671 2366 ·—
688 2350 796 2378 Sequitur
813 2350 863 2372 lsai.
882 2351 924 2377 38,
943 2350 981 2372 15.

477 2385 486 2399 ³
504 2388 536 2409 P*
547 2388 585 2410 lm.
603 2388 630 2415 6,
647 2388 670 2410 7.
689 2401 720 2405 -
738 2388 841 2411 Subinde
858 2389 970 2416 allegatur
987 2388 1037 2411 lsai.
1059 2389 1075 2415 1,
1095 2389 1131 2411 116.

477 2426 487 2439 ⁴²
503 2427 543 2450 Ed.
562 2434 614 2449 011111
631 2428 648 2449 Β
665 2428 748 2450 omittit
764 2434 820 2451 non.

477 2465 486 2478 ⁵
504 2467 568 2489 Vers.
586 2467 631 2495 35;
650 2467 704 2489 ibid.
722 2474 744 2489 v.
764 2467 800 2490 40.
818 2474 897 2496 seqq-z
916 2468 981 2490 Stans
1007 2470 1084 2490 autem
1101 2468 1163 2490 lesus
1181 2468 1257 2495 iussit,

416 2505 478 2527 illum
496 2505 579 2527 adduci
597 2506 626 2527 ad
643 2512 690 2528 se...
708 2506 734 2528 Et
751 2506 812 2528 105115
834 2506 889 2528 dixit
910 2507 956 2528 illi:
973 2507 1082 2534 Respice,
1100 2507 1158 2529 fides
1182 2510 1219 2529 tua
1236 2509 1258 2528 te

416 2544 505 2565 salvum
524 2544 575 2566 tecit
592 2547 634 2566 etc.
994 2543 1004 2557 ὅ
1022 2545 1119 2573 Vulgata
1136 2544 1178 2567 Ille
1196 2551 1258 2568 cero.

477 2580 485 2593 '¹
503 2583 526 2604 ln
545 2583 604 2605 loan.
623 2584 708 2611 Evang.
721 2587 747 2606 tr.
761 2584 797 2606 44.
810 2590 831 2606 n.
845 2585 871 2611 S,
884 2584 924 2606 ubi
941 2590 984 2612 pro
1003 2584 1112 2613 inm-alus
1131 2584 1172 2612 (ita
1190 2584 1258 2606 etiam

416 2622 478 2644 card.
495 2622 561 2649 Ilugo
579 2625 601 2644 et
617 2623 742 2652 Gorranus)
760 2626 833 2646 textus
850 2624 908 2651 origi
941 2624 966 2646 lis
984 2626 1006 2646 et
1023 2624 1059 2646 ed.
1077 2623 1180 2652 ingrata.

477 2659 487 2672 ¹⁵
505 2661 569 2683 Vers.
587 2661 628 2689 25,
646 2661 685 2684 nbi
707 2668 749 2689 pro
770 2664 871 2685 mortem
890 2663 986 2690 Vulgata
1006 2663 1139 2692 peccatum.
1158 2674 1189 2678 —-
1205 2662 1259 2684 Inse-

416 2699 463 2721 11115
480 2704 492 2720 0
509 2699 614 2726 pluribus
631 2700 707 2727 codd„
730 2702 754 2722 ut
774 2701 965 2729 ABEGHLM,
983 2701 1145 2729 supplevimus
1162 2702 1183 2723 et
1200 2706 1259 2730 quae

417 2737 503 2760 minuit
518 2739 625 2761 nostram
642 2738 754 2767 qloriam.

478 2775 488 2788 ⁹
505 2777 603 2804 Vulgata
620 2777 697 2806 aperti
711 2779 768 2801 sunt
784 2778 825 2801 tibi
840 2778 924 2801 oculi?

479 2813 498 2827 ¹⁰
518 2815 626 2842 Vulgata,
644 2816 749 2843 superius
766 2817 841 2844 posito
860 2816 930 2840 unxit
948 2824 991 2845 pro
1009 2817 1096 2845 linivit,
1115 2817 1151 2839 hic
1168 2817 1222 2845 legit
1239 2819 1260 2840 et

416 2852 474 2881 abii,
495 2853 543 2876 lavi
559 2855 581 2876 ct
595 2853 667 2877 video.
685 2867 715 2871 —
731 2854 807 2882 Cyrill.
824 2856 951 2884 Alexandr„
966 2856 989 2878 in
1007 2857 1067 2878 nunc
1084 2857 1176 2879 locum:
1196 2857 1260 2884 igno-

416 2898 466 2914 rare
483 2892 577 2920 quidem
595 2893 670 2915 adhuc
687 2893 778 2915 videtur
796 2894 942 2916 Servatorem
955 2897 1035 2916 natura
1051 2901 1092 2917 sua
1110 2901 1160 2917 esse
1178 2895 1260 2916 Deum.

416 2930 495 2959 Neque
514 2931 575 2952 enim
593 2933 639 2953 tam
661 2931 745 2954 exiliter
771 2935 792 2954 et
817 2933 916 2955 demisse
933 2933 962 2955 de
979 2940 1007 2955 eo
1023 2934 1113 2956 locutus
1130 2936 1201 2962 esset,
1219 2933 1260 2956 sed

1316 2118 1338 2138 et
1349 2116 1378 2138 de
1389 2122 1416 2138 eo
1430 2118 1539 2145 tanquam
1551 2116 1580 2138 de
1591 2116 1668 2145 aliquo
1680 2116 1816 2138 Sanctorum
1826 2118 1848 2138 et
1856 2116 1941 2138 sentire
1952 2116 2045 2138 videtur
2057 2118 2079 2138 01
2090 2115 2163 2144 loqui,

1316 2155 1386 2184 idque
1403 2161 1430 2178 ex
1446 2154 1592 2183 obscuriore,
1605 2148 1683 2183 ut‘par
1695 2158 1739 2182 est,
1751 2156 1811 2177 sama
1824 2158 1845 2177 et
1857 2154 2004 2177 sermonibus
2019 2154 2049 2177 de
2065 2154 2103 2177 illo
2120 2156 2164 2177 etc.

1380 2194 1397 2206 ¹¹
1417 2194 1482 2217 Vers.
1500 2195 1537 2216 23.
1549 2206 1580 2211 -
1592 2194 1700 2223 Sequitur
1717 2194 1753 2216 Ps.
1771 2194 1813 2222 18,
1831 2194 1853 2216 9.
1871 2207 1900 2210 ——
1917 2194 2021 2222 Gregor„
2038 2194 2062 2216 ll.
2079 2193 2164 2216 Homil.

1315 2234 1338 2256 in
1356 2234 1442 2262 Evang.
1461 2233 1539 2255 homil.
1557 2234 1593 2255 23.
1611 2240 1633 2255 n.
1651 2234 1677 2260 2,
1695 2232 1735 2255 ubi
1758 2233 1788 2255 de
1810 2233 1930 2261 discipulis
1946 2232 2055 2255 euntibus
2072 2233 2095 2255 in
2112 2233 2162 2255 Em-

1315 2279 1394 2301 maus,
1412 2273 1451 2301 qui
1470 2273 1594 2295 Dominum
1612 2275 1748 2300 coegerunt,
1768 2275 1792 2294 ut
1808 2274 1911 2294 maneret
1928 2278 1982 2294 cum
1999 2271 2043 2299 eis,
2060 2271 2106 2294 ait:
2120 2271 2164 2293 Au-

1315 2312 1400 2334 diendo
1418 2318 1475 2340 ergo
1492 2314 1616 2339 praecepta
1633 2312 1673 2334 Dei
1691 2312 1810 2334 illuminati
1822 2318 1868 2334 non
1880 2313 1945 2338 sunt,
1962 2310 2067 2333 faciendo
2085 2309 2165 2333 illumi-

1314 2351 1360 2372 nati
1383 2353 1448 2377 sunt,
1471 2351 1525 2379 quia
1550 2351 1662 2378 scriptum
1688 2355 1722 2373 est
1744 2351 1827 2379 [Rom.
1844 2351 1871 2377 2,
1890 2349 1952 2379 43.]:
1970 2349 2026 2374 Non
2042 2348 2165 2373 auditores

1315 2389 1371 2419 Ieyis
1388 2389 1446 2412 iusti
1461 2390 1518 2412 sunt
1534 2388 1599 2418 apud
1616 2389 1706 2417 Deum,
1723 2388 1765 2412 sed
1780 2389 1883 2418 factores
1901 2391 1943 2411 etc.

1378 2426 1396 2440 ¹²
1415 2428 1437 2450 ln
1454 2428 1470 2450 E
1488 2428 1595 2455 primitus
1613 2428 1649 2450 nic
1665 2428 1781 2456 quaedam
1803 2428 1881 2450 addita
1903 2429 1969 2455 sunt,
1994 2433 2054 2456 quae
2071 2433 2116 2450 non
2133 2426 2166 2449 vi-

1314 2467 1397 2490 dentur
1419 2472 1470 2488 esse
1492 2467 1604 2494 genuina,
1623 2469 1671 2489 tum
1689 2467 1743 2495 quia
1761 2467 1782 2488 in
1800 2467 1952 2494 praecedente
1964 2466 2079 2489 divisione
2097 2465 2165 2488 huius

1314 2506 1385 2533 partis
1402 2512 1448 2527 11011
1466 2505 1593 2527 insinuatur
1611 2506 1725 2534 quartum
1747 2504 1893 2534 membrum,
1917 2508 1966 2527 tum
1991 2505 2045 2534 quia
2070 2504 2165 2527 1111011115

1315 2545 1434 2572 explicatio
1452 2551 1475 2566 v.
1493 2545 1529 2566 12.
1548 2544 1648 2572 ponitur:
1671 2543 1702 2567 Et
1718 2543 1832 2568 <lecerunt
1855 2544 1883 2567 ei.
1904 2544 2017 2572 Tangitur
2040 2544 2076 2566 hic
2098 2550 2164 2573 quar-

1315 2587 1377 2611 tum,
1394 2584 1480 2606 scilicet
1496 2584 1609 2605 curatoris
1625 2584 1746 2605 occultatio
1760 2584 1809 2606 sive
1821 2583 1960 2606 absentatio:
1978 2586 2072 2612 propter
2089 2583 2165 2612 quod,

1315 2622 1354 2645 ubi
1377 2626 1448 2651 esset,
1466 2622 1621 2651 quaerebatur
1638 2625 1660 2644 et
1677 2629 1689 2644 a
1707 2628 1776 2645 caeco
1794 2622 1948 2644 nesciebatur.
1965 2622 2018 2644 ldeo
2035 2622 2104 2644 dicit:
2123 2620 2167 2644 Ubi

1315 2662 1350 2684 est
1366 2660 1421 2683 ille?
1438 2660 1490 2683 Ait:
1509 2660 1608 2689 Nescio;
1625 2661 1679 2689 quia
1697 2667 1721 2683 se
1739 2661 1912 2688 absentaverat,
1930 2664 1955 2683 ut
1971 2660 2065 2683 doceret
2081 2666 2165 2682 vanam

1316 2700 1413 2728 gloriam
1430 2699 1511 2721 vitare.
1523 2699 1588 2722 Unde
1605 2699 1678 2722 51111110
1696 2700 1748 2722 fecit
1765 2706 1836 2727 supra
1854 2700 1934 2728 quinto
1951 2699 1975 2721 in
1992 2699 2110 2721 sanatione
2127 2704 2166 2727 pa-

1315 2739 1415 2766 ralytici,
1428 2738 1467 2761 ubi
1480 2738 1562 2761 dicitur
1581 2738 1613 2767 [v.
1627 2739 1673 2767 13.]
1684 2747 1689 2761 ;
1702 2740 1767 2762 Iesus
1785 2738 1912 2762 declinavit
1923 2744 1938 2761 a
1950 2737 2021 2761 turba
2037 2737 2166 2761 constituta

1315 2778 1340 2801 in
1366 2777 1422 2800 loco.
1440 2778 1618 2805 Clirysostomus
1637 2778 1687 2806 [cfr.
1705 2778 1727 2800 in
1744 2778 1805 2800 loan.
1821 2778 1900 2800 homil.
1915 2777 1951 2800 57.
1964 2777 2020 2799 alias
2032 2777 2070 2799 56.
2081 2782 2104 2798 n.
2116 2775 2164 2805 2.]:

1316 2818 1386 2839 Docet
1403 2823 1445 2839 nos
1464 2818 1544 2844 lugere
1562 2823 1645 2839 vanam
1664 2817 1770 2844 gloriam.
1788 2817 1837 2839 Non
1853 2817 1915 2838 enim
1938 2815 2031 2839 volebat
2053 2815 2074 2838 in
2097 2814 2164 2837 turba

1316 2856 1434 2877 ostentari.

1379 2892 1398 2906 ¹³
1416 2894 1455 2917 Ed.
1474 2901 1527 2917 cum
1544 2895 1659 2917 nonnullis
1676 2895 1744 2918 codd.
1763 2894 1870 2923 videtum
1887 2895 1907 2917 M
1925 2893 2046 2924 implicari
2062 2900 2105 2922 pro
2123 2893 2164 2916 im-

1313 2933 1413 2963 plicare.
2007 2932 2026 2946 ¹⁴
2045 2934 2109 2956 Vers.
2126 2933 2165 2956 20.

2178 795 2265 814 Tertium.
