2296 3316
298 789 395 812 Quat-turn.

282 1532 397 1551 Notandum.

332 1998 398 2017 lllatio.

414 150 470 178 449.

414 226 486 255 citur
506 225 611 262 primae
639 224 745 253 loannis
766 223 862 252 tertio:
888 234 902 248 ι(
917 223 975 251 Non
998 222 1144 259 diligamus
1171 221 1257 250 verbo

414 280 503 309 neque
524 272 632 308 lingua,
661 271 708 299 sed
729 278 812 307 opere
840 272 867 298 et
888 269 1004 298 veritate
1026 280 1051 296 ».
1076 268 1134 304 Qui
1160 270 1258 296 autem

415 319 510 356 diligit
530 327 574 346 me
594 317 732 354 diliyetar
754 325 773 345 a
794 317 886 345 Patre
906 324 984 349 meo,
1006 318 1034 344 et
1059 315 1140 344 etiam
1161 323 1177 343 a
1199 322 1257 349 me,

413 369 439 394 et
458 373 508 403 eqo
528 364 651 402 ‹liliyam
672 372 756 397 eum,-
779 362 991 391 Proverbiorum
1012 364 1109 390 octavo
1122 363 1147 389 ¹:
1174 372 1188 386 α
1203 361 1258 398 Ego

413 412 555 448 diligentes
568 418 612 439 me
626 410 709 447 diligo
721 420 747 443 »;
763 412 790 438 et
803 409 976 437 dilectionem
990 407 1130 436 ostendam
1143 407 1170 435 in
1182 414 1259 444 prae·

415 458 483 492 mi0;
506 457 591 486 unde:
614 457 648 484 El
669 454 862 491 manifestabo
876 454 903 482 ei
923 462 966 482 me
980 454 1092 490 ipsum,
1108 455 1135 482 et
1150 453 1201 481 boc
1217 454 1259 481 est

415 504 582 542 praemium;
605 502 677 531 unde
698 502 726 530 in
741 501 859 530 Psalmo:
886 512 899 526 «
915 499 1062 529 Ostendam
1077 499 1116 528 illi
1137 499 1258 528 salutare

415 559 545 584 meum»;
567 550 675 578 Glossa:
697 560 710 573 a
724 547 798 577 Visio
813 551 855 577 est
870 550 926 576 tota
946 554 1052 575 merces
1066 557 1098 581 1>;
1120 546 1191 575 infra
1211 546 1258 575 de—

413 598 484 626 cimo
514 596 645 633 septimo:
672 606 686 620 «
701 595 770 623 Haec
802 597 843 623 est
865 594 920 622 vita
949 596 1075 627 aeterna,
1096 596 1128 622 ut
1159 601 1258 630 cogno-

413 647 489 672 scant
509 646 536 671 te
550 642 640 671 solum
660 649 759 670 verum
780 641 881 674 Deum,
903 642 930 669 et
944 647 1027 677 quem
1049 639 1147 668 misisti
1169 639 1258 668 lesum

413 690 553 718 Christum
569 700 595 716 ».

492 736 537 765 31.
560 736 649 772 (Vers.
672 735 740 771 22).
763 734 841 763 Dicit
860 734 887 762 ei
907 733 1000 762 ladas
1020 735 1071 761 etc.
1093 732 1140 761 Hic
1157 735 1258 769 quarto

413 784 472 813 loco
493 783 671 820 exprimitur,
690 782 827 811 meritam
849 789 907 809 esse
927 780 959 808 in
979 780 1191 808 mandatorum
1212 778 1259 807 ob-

412 830 582 860 servatione.
604 829 674 866 Quia
694 829 767 858 enim
788 828 914 862 dixerat,
935 826 1009 864 quod
1031 826 1206 854 manifestare
1230 833 1259 854 se

412 877 529 906 debebat
550 876 684 913 Apostolis
704 879 732 904 et
752 883 807 903 non
825 874 944 908 mundo;
966 873 1055 910 coepit
1076 872 1204 901 dubitare
1217 872 1258 900 di-

413 924 549 960 scipulus,
564 926 678 960 propter
693 922 759 959 quid
774 921 885 950 diceret.
902 921 1015 957 Propter
1029 919 1103 956 quod
1117 919 1258 956 sequitur:

416 970 491 1000 Dicit
511 970 537 998 ei
557 970 666 1003 Iudas,
687 977 746 997 non
767 968 812 997 ille
833 967 1005 996 Iseariotes:
1029 965 1162 1000 Domine,
1188 965 1259 1003 quid

413 1016 525 1054 factum
547 1019 603 1049 est,
626 1015 652 1044 id
673 1018 731 1048 est,
752 1022 824 1052 quae
838 1022 921 1043 causa
942 1016 984 1042 est
1012 1013 1096 1042 huius
1107 1013 1127 1047 2,
1149 1012 1221 1051 quia
1236 1015 1260 1040 te

415 1064 511 1100 ipsam
531 1061 613 1091 nobis
634 1060 881 1098 manifestaturus
901 1069 930 1088 es
950 1064 976 1088 et
995 1068 1054 1088 non
1074 1058 1206 1087 mando?
1228 1058 1259 1087 Et

414 1108 560 1146 respondet
579 1108 603 1137 ei
626 1108 775 1141 Dominus,
797 1106 871 1143 quod
892 1106 1030 1134 meritam
1048 1108 1090 1134 est
1109 1105 1138 1133 in
1159 1112 1258 1138 causa,

413 1156 478 1193 quia
498 1155 537 1184 illi
559 1154 686 1183 mandata
706 1162 760 1182 non
782 1153 943 1186 observant,
965 1152 992 1180 in
1014 1152 1117 1189 quibus
1140 1154 1182 1180 est
1201 1158 1259 1179 me-

414 1203 498 1231 ritum
520 1201 645 1235 videndi;
667 1203 781 1237 propter
803 1199 877 1237 quod
898 1199 979 1228 dicit:

491 1249 536 1278 32.
559 1248 648 1285 <Vers.
671 1247 739 1283 23).
756 1246 912 1284 Respondit
926 1247 1008 1274 Iesus
1029 1249 1054 1274 et
1074 1245 1151 1274 dixit
1170 1245 1211 1273 ei.-
1227 1245 1260 1274 Si

413 1296 478 1334 quis
499 1295 595 1332 diliyit
615 1303 675 1328 me,
696 1302 857 1322 sermonem
881 1301 978 1321 meam
1005 1292 1149 1325 servabit,·
1170 1292 1259 1320 Lucae

413 1342 530 1371 sexto³z
557 1353 571 1366 «
585 1340 655 1378 Quid
677 1340 780 1369 vocatis
800 1348 845 1368 me
859 1339 986 1373 Domine,
1008 1339 1135 1372 Domine,
1156 1341 1184 1367 et
1205 1346 1259 1367 non

413 1389 501 1418 facitis
522 1396 593 1426 quae
613 1388 753 1425 praecipio
773 1387 900 1416 vobis»?
927 1398 940 1411 «
958 1388 1039 1414 Amor
1060 1386 1107 1414 Dei
1136 1393 1190 1414 non
1218 1388 1260 1414 est

414 1436 532 1469 otiosus;
554 1438 687 1472 operatur
702 1434 774 1463 enim
796 1442 907 1471 magna,
930 1434 951 1462 si
967 1436 1023 1467 est;
1045 1433 1066 1461 si
1088 1435 1180 1461 autem
1195 1440 1260 1469 ope-

415 1483 470 1512 rari
492 1483 598 1516 renuit,
620 1490 697 1510 amor
718 1490 773 1510 non
788 1483 869 1509 est».
893 1481 924 1509 Et
945 1489 981 1509 ex
996 1481 1047 1509 hac
1068 1479 1260 1508 observatione

415 1533 539 1559 meretur
569 1528 677 1557 Domini
708 1527 974 1561 manifestationem;
1006 1527 1079 1555 unde
1110 1530 1135 1555 et
1170 1526 1260 1554 Pater

414 1584 496 1604 meus
516 1575 613 1612 diliyet
628 1583 711 1608 eum;
732 1576 810 1603 etex
831 1574 883 1602 hac
897 1573 1041 1602 dilectione
1063 1572 1191 1609 sequitur
1205 1580 1260 1600 ma-

415 1622 566 1656 nifestatio;
595 1622 655 1650 ideo
676 1621 756 1649 dicit:
785 1621 818 1649 Et
839 1620 879 1648 ad
900 1628 965 1648 eam
996 1619 1150 1648 veniemus.
1178 1619 1208 1647 Et
1236 1618 1259 1647 si

415 1669 489 1698 venit
521 1668 671 1701 Dominus,
706 1668 816 1696 nullum
846 1667 949 1695 bonum
984 1666 1075 1700 deest;
1107 1665 1260 1702 Sapientiae

416 1714 570 1751 septim04:
596 1725 610 1739 α
625 1714 767 1742 Venerunt
781 1713 849 1742 mihi
869 1713 962 1741 onmia
976 1713 1047 1741 bona
1067 1712 1171 1749 pariter
1196 1719 1259 1740 cum

416 1761 462 1790 illa
476 1773 502 1788 ».
526 1761 561 1789 Et
580 1760 762 1788 mansionem
783 1760 865 1796 apud
885 1768 950 1788 enm
970 1758 1132 1796 faciemus,
1154 1761 1181 1787 et
1208 1758 1260 1786 hoc

416 1808 514 1837 merito
541 1807 732 1836 observantiae
759 1807 968 1840 mandatorum;
996 1805 1070 1834 unde
1097 1805 1259 1842 Gregorius:

421 1867 434 1880 «
449 1855 502 1891 Qui
532 1854 620 1882 Deum
643 1861 708 1882 vere
735 1853 823 1890 diligit
844 1856 871 1882 et
901 1852 1029 1881 mandata
1049 1852 1109 1880 eius
1140 1852 1261 1889 perfecte

417 1901 550 1935 custodit,
572 1901 600 1929 in
621 1908 653 1929 eo
675 1900 845 1929 mansionem
873 1899 1007 1928 Dominus
1027 1898 1106 1932 facit3
1135 1898 1201 1935 quja
1221 1898 1260 1927 sic

416 1956 480 1977 eum
494 1947 650 1976 Divinitatis
670 1955 748 1975 amor
763 1949 902 1984 penetrat,
924 1948 955 1974 ut
971 1946 1006 1974 ab
1020 1946 1072 1974 hoc
1093 1953 1187 1973 amore
1202 1948 1261 1973 ten-

416 1995 526 2024 tationis
546 1998 671 2031 tempore
692 2002 746 2022 non
768 1993 918 2022 recedat».
941 2009 978 2012 —
1001 1993 1031 2020 Et
1052 1992 1128 2026 ideo,
1149 1992 1260 2028 supple,

415 2041 610 2070 manifestabor
635 2040 725 2074 vobis,
754 2040 802 2077 qui
829 2039 958 2067 mandata
985 2046 1045 2067 mea
1072 2038 1200 2072 servatis,
1228 2046 1261 2067 eo

416 2087 489 2125 quod
510 2095 555 2116 me
576 2087 703 2124 diligitis,
725 2089 751 2115 et
772 2086 833 2115 ideo
854 2085 1008 2114 meremini.

481 2300 489 2313 ²
507 2301 572 2323 Vers.
591 2300 627 2322 17.
639 2312 670 2317 --
681 2301 814 2328 Sequuntur
830 2300 866 2322 Ps.
878 2299 920 2326 90,
933 2299 974 2327 ⁴63
991 2299 1070 2321 Glossa
1087 2297 1262 2321 interlinearis:

420 2341 479 2362 Haec
496 2340 555 2362 visio
576 2340 619 2362 erit
641 2345 730 2361 merces
752 2339 806 2361 fidei
823 2338 940 2368 [August.,
958 2338 980 2360 in
997 2338 1057 2360 loan.
1076 2338 1164 2365 Evang.
1181 2340 1209 2360 tr.
1225 2337 1263 2359 75.

420 2384 442 2400 n.
460 2379 488 2400 5:
506 2379 570 2401 Tunc
588 2378 621 2407 (in
638 2378 710 2406 patria
731 2377 843 2406 Christus)
861 2378 891 2400 ad
914 2379 958 2399 hoc
979 2377 1070 2405 diliget,
1096 2379 1120 2399 ut
1141 2377 1263 2399 videamus

420 2420 441 2440 et
458 2418 530 2445 ipsam
549 2418 662 2440 visionem
679 2417 811 2440 mercedem
828 2417 882 2439 fidei
899 2416 1044 2444 capiamus];
1062 2417 1121 2438 loan.
1141 2416 1176 2443 17,
1194 2416 1215 2437 3.

481 2455 490 2469 ²
508 2457 587 2479 Glossa
608 2456 732 2479 ordinaria
753 2456 890 2484 (secundum
915 2456 1020 2484 August„
1042 2455 1064 2477 in
1090 2456 1151 2477 ioan.
1176 2456 1262 2482 Evang.

421 2497 447 2517 tr.
464 2495 503 2517 76.
520 2501 541 2517 n.
560 2496 582 2517 1.
598 2496 669 2524 seq.):
687 2495 782 2523 Audito,
799 2495 863 2524 quod
883 2495 984 2517 mundus
1005 2493 1074 2517 modo
1092 2493 1179 2516 videbit
1196 2499 1263 2519 eum,

420 2534 460 2556 sed
478 2534 520 2561 ipsi
537 2533 657 2562 videbunt,
674 2540 716 2562 pro
733 2533 842 2556 omnibus
859 2533 1006 2562 quaesiturus
1022 2533 1112 2562 quaerit
1127 2532 1195 2555 ludas
1212 2538 1264 2554 cau-

420 2578 469 2594 sam
481 2573 549 2595 huius
561 2573 711 2595 discretionis.
723 2573 784 2595 Haec
796 2576 872 2595 autem
890 2579 959 2595 causa
976 2575 1010 2595 est
1026 2572 1156 2594 secundum
1171 2577 1264 2599 respon-

420 2611 508 2633 sionem
521 2611 612 2633 Domini
625 2611 724 2639 dilectio,
737 2618 777 2639 per
789 2618 859 2640 quam
872 2612 945 2634 solam
957 2614 980 2634 et
991 2618 1036 2634 non
1048 2617 1089 2639 per
1101 2611 1169 2633 aliam
1181 2611 1265 2633 discer-

421 2650 482 2672 nitur
500 2656 557 2678 gens
574 2653 651 2672 sancta
667 2657 680 2673 a
697 2656 743 2673 non
761 2653 838 2673 sancta
855 2651 911 2679 [csr.
927 2656 996 2678 supra
1010 2656 1062 2678 pag.
1076 2649 1133 2678 434,
1151 2652 1204 2672 nota
1222 2648 1264 2678 3.].

482 2687 492 2700 ὃ
510 2689 573 2711 Vers.
592 2689 628 2711 46.
646 2701 674 2704 —
691 2689 825 2712 immediate
841 2692 894 2717 post
910 2690 1015 2718 sequitur
1032 2689 1141 2711 sententia
1159 2689 1263 2716 Gregor.,

420 2728 444 2750 11.
461 2728 544 2750 Homil.
563 2728 587 2749 in
604 2728 692 2755 Evang.
709 2728 786 2750 homil.
804 2728 841 2750 30,
859 2734 882 2750 n.
898 2729 920 2750 2.

483 2764 493 2777 4
510 2766 575 2788 Vers.
594 2766 630 2787 Μ.
647 2778 678 2782 -
696 2766 770 2789 Verba
788 2767 891 2794 Gregorii
914 2766 1027 2789 habentur
1047 2767 1090 2789 loc.
1107 2766 1143 2788 cit.
1162 2766 1183 2788 in
1201 2771 1265 2793 prae-

421 2804 516 2827 cedente
533 2807 592 2827 nota.
610 2805 652 2827 Pro
670 2804 694 2827 in
710 2810 736 2827 eo
753 2805 901 2829 mansionem
917 2805 1032 2828 Dominus
1049 2804 1106 2835 facit
1128 2807 1202 2827 textus
1221 2804 1264 2827 ori-

421 2843 503 2872 ginalis
521 2842 599 2872 (quem
617 2844 721 2872 sequitur
737 2844 783 2872 ed.)
801 2843 826 2867 in
842 2844 891 2867 eius
908 2844 978 2868 corde
994 2844 1111 2867 Dominus
1128 2845 1150 2867 et
1165 2843 1228 2867 venit
1243 2845 1266 2866 et

422 2881 569 2904 mansionem
585 2881 654 2910 facil,
668 2884 691 2904 et
708 2888 748 2910 pro
761 2882 895 2906 Divinitatis
911 2889 957 2905 non
974 2883 1041 2911 pauci
1059 2883 1127 2905 codd.
1140 2888 1193 2905 cum
1211 2883 1265 2905 Gor-

422 2927 478 2943 rano
495 2920 620 2950 diliqentz's.

1022 144 1191 173 COMMENT.
1214 144 1246 173 lN
1267 143 1413 172 lOANNEM
1434 144 1462 172 C.
1484 144 1549 177 XIV.

1392 221 1437 250 33.
1460 221 1549 257 (Vers.
1572 221 1639 257 24).
1663 222 1721 258 Qui
1747 230 1806 250 non
1828 221 1924 259 diliyz'c
1943 230 1988 250 me
2014 229 2159 250 sermones

1312 275 1390 295 meos
1409 275 1468 295 non
1488 270 1603 301 servat‚·
1623 270 1651 296 et
1671 267 1732 296 ideo
1751 267 1812 296 talis
1832 275 1886 296 non
1908 271 2033 297 meretur
2053 275 2098 297 me
2118 267 2159 296 vi-

1313 313 1388 342 dere.
1409 313 1481 342 Talis
1501 316 1542 343 est
1574 314 1696 343 mundus
1723 316 1750 342 et
1781 314 1929 348 mundani;
1951 314 2023 343 infra
2052 313 2159 343 decimo

1313 359 1448 396 quinto⁵:
1474 359 1529 388 «Si
1560 359 1683 388 mundus
1703 368 1752 389 vos
1782 359 1851 394 odit,
1880 359 1991 394 scitote,
2022 360 2088 397 quia
2116 368 2159 389 me

1314 405 1435 443 priorem
1456 406 1534 435 vobis
1553 406 1616 435 odio
1643 406 1741 435 habuit
1755 417 1788 440 »;
1810 408 1838 435 et
1857 406 1918 435 ideo
1945 406 2073 435 mandata
2099 406 2160 435 eius

1313 460 1368 480 non
1389 454 1496 486 servat;
1518 455 1545 481 et
1566 452 1626 481 ideo
1647 460 1676 481 se
1697 460 1752 481 non
1772 452 1928 481 manifestat
1945 452 2057 481 mundo.
2079 452 2112 481 Et
2125 460 2160 481 ne

1314 501 1443 535 reputes,
1464 498 1539 536 quod
1553 507 1694 528 sermones
1715 507 1780 528 suos
1798 499 1927 536 proprios
1946 498 2050 528 dixerit
2064 501 2092 528 et
2104 507 2160 528 non

1315 545 1416 580 Patris,
1439 545 1546 574 subdit:
1571 546 1605 574 Et
1624 554 1802 580 sermonem,
1827 554 1911 584 quem
1931 545 2075 580 audistis,
2102 554 2161 574 non

1313 595 1355 621 est
1374 600 1472 626 meus,
1494 592 1519 620 id
1548 595 1590 621 est
1610 600 1718 626 sermo;
1743 592 1889 629 antiptosis
1909 594 1966 627 est,
1987 592 2016 621 in
2039 600 2096 629 qua
2115 600 2161 629 po-

1314 638 1391 666 nitur
1412 645 1493 667 casus
1514 646 1565 675 pro
1586 646 1667 672 casu;
1688 638 1739 666 sed
1759 638 1822 666 eius
1846 638 1899 676 qui
1925 638 2005 667 misit
2031 647 2077 667 me
2101 639 2160 667 Ρα-

1315 684 1384 718 tris,·
1405 692 1490 721 supra
1510 684 1712 713 duodecimo⁶:
1739 695 1752 709 ει
1767 684 1808 713 Ex
1828 692 1875 714 me
1895 684 1955 722 ipso
1975 693 2029 714 non
2045 693 2107 714 sum
2122 685 2161 714 lo-

1315 733 1409 764 cutus;
1432 730 1478 759 sed
1500 730 1548 767 qui
1570 730 1644 759 misit
1664 738 1708 759 me
1729 730 1818 765 Pater,
1832 730 1890 768 ipse
1912 731 1980 760 mihi
2001 731 2161 761 mandatum

1314 777 1403 811 dedit,
1425 777 1492 814 quid
1512 777 1601 806 dicam
1622 780 1650 806 et
1669 777 1736 814 quid
1758 778 1856 815 loquar
1871 789 1898 806 ».

1638 871 1840 908 QUAESTloNEs.

1395 963 1440 992 34.
1463 964 1573 1000 Quaest.
1594 964 1612 992 1.
1635 964 1687 994 Sed
1708 964 1854 1002 quaeritur
1878 964 1924 993 hic
1944 964 2034 1001 primo
2054 964 2089 994 de
2109 965 2162 994 hoc

1315 1011 1389 1048 quod
1406 1010 1484 1039 dicit:
1507 1010 1540 1039 Si
1559 1011 1682 1049 diliyitis
1701 1020 1760 1046 me,
1782 1011 1926 1040 mandata
1946 1019 2011 1040 mea
2030 1014 2144 1040 servate
2151 1022 2161 1045 ,-

1315 1060 1342 1086 et
1363 1060 1439 1094 post:
1457 1058 1516 1095 Eyo
1537 1058 1647 1095 royabo
1663 1059 1799 1093 Patrem,
1815 1062 1840 1087 et
1860 1057 1955 1087 alium
1973 1057 2163 1087 Paracletum

1316 1104 1396 1133 dabit
1416 1104 1504 1132 vobis.
1520 1121 1559 1125 -—
1580 1105 1651 1142 Ergo
1671 1105 1791 1140 videtur,
1816 1105 1891 1142 quod
1911 1107 2022 1142 possent
2048 1104 2163 1142 diligere

1315 1153 1342 1180 et
1362 1150 1491 1179 mandata
1512 1158 1640 1185 servare,
1668 1154 1816 1189 antequam
1837 1151 1952 1180 daretur
1980 1151 2019 1180 eis
2043 1151 2163 1188 Spiritus

1316 1200 1436 1226 sanctus.
1459 1197 1508 1226 Vel
1529 1197 1551 1226 si
1566 1197 1669 1226 habent
1680 1198 1700 1232 ⁷,
1722 1206 1815 1236 quare
1835 1198 1911 1227 dabit
1931 1201 1959 1227 et
1979 1197 2142 1236 quomodo?

1396 1245 1573 1273 Responnao:
1595 1244 1763 1279 Dicendum,
1785 1245 1860 1282 quod
1880 1244 2013 1282 Spiritum
2035 1247 2161 1273 sanctum

1317 1290 1456 1320 habebant
1475 1290 1509 1319 ad
1530 1290 1700 1328 diligendum
1720 1293 1748 1320 et
1762 1291 1891 1320 mandata
1911 1290 2094 1325 servandum;
2116 1290 2164 1319 sed

1316 1338 1356 1367 eis
1376 1337 1590 1374 promittebatur
1611 1346 1627 1366 a
1648 1338 1764 1366 Domino
1778 1338 1813 1366 ad
1833 1338 1981 1375 ampliores
2001 1337 2115 1367 effectus
2135 1340 2163 1367 et

1316 1384 1406 1413 maius
1426 1392 1538 1413 munus.
1561 1384 1636 1413 Unde
1650 1384 1858 1421 Augustinus8:
1883 1396 1897 1410 «ι
1913 1385 2017 1419 Restat,
2032 1387 2064 1414 ut
2084 1384 2164 1413 intel-

1317 1432 1451 1469 ligamus,
1473 1431 1606 1468 Spiritum
1629 1433 1754 1459 sanctum
1776 1431 1880 1460 habere
1900 1432 1947 1468 qui
1968 1431 2057 1468 diligit
2073 1434 2101 1460 et
2115 1431 2164 1460 ha-

1316 1478 1406 1507 bendo
1426 1477 1545 1511 mereri,
1567 1480 1598 1505 ut
1618 1477 1682 1514 plus
1703 1477 1803 1506 habeat
1823 1480 1851 1506 et
1869 1478 1933 1514 plus
1954 1477 2081 1506 hahendo
2101 1477 2165 1514 plus

1316 1524 1412 1561 diligat
1426 1535 1453 1551 »-

1396 1570 1441 1599 35.
1465 1570 1575 1606 Quaest.
1598 1570 1627 1598 ΙΙ.
1650 1570 1717 1599 Item
1737 1570 1883 1607 quaeritur
1904 1570 1938 1599 de
1958 1571 2011 1599 hoc
2032 1570 2107 1608 quod
2125 1570 2165 1599 di-

1316 1618 1371 1647 cit:
1402 1618 1461 1655 Eyo
1489 1617 1598 1654 royabo
1629 1617 1757 1646 Patrem.
1779 1633 1816 1638 —
1841 1617 2012 1654 Augustinus
2031 1617 2110 1652 dicit,
2132 1617 2166 1646 de

1315 1665 1420 1693 Natura
1441 1667 1468 1694 et
1489 1664 1615 1701 gratia⁹‚
1637 1664 1712 1701 quod
1737 1675 1751 1689 α
1766 1664 1861 1694 nullus
1882 1667 1944 1693 orat
1964 1672 2016 1702 pro
2036 1672 2069 1693 eo
2090 1664 2165 1702 quod

1316 1714 1407 1749 potest
1427 1719 1477 1748 per
1499 1719 1528 1740 se
1548 1711 1639 1740 facere
1654 1722 1680 1739 »:
1703 1719 1769 1748 ergo
1797 1711 1820 1740 si
1847 1711 1931 1740 Filius
1958 1713 2020 1740 orat
2043 1719 2094 1748 pro
2118 1711 2166 1740 da-

1316 1759 1390 1787 tione
1410 1758 1529 1795 Spiritus
1551 1758 1653 1792 sancti,
1675 1758 1759 1786 Filius
1772 1766 1827 1787 non
1841 1760 1932 1795 potest
1944 1758 2011 1787 dare
2032 1758 2166 1795 Spiritum

1317 1808 1455 1833 sanctum.

1395 1851 1624 1888 Respondendum
1653 1851 1687 1880 ad
1715 1852 1783 1886 hoc,
1812 1851 1886 1889 quod
1908 1859 1940 1880 eo
1960 1851 2042 1881 modo
2062 1856 2165 1890 royac,

1318 1906 1374 1935 quo
1396 1898 1478 1926 modo
1498 1902 1627 1926 meretur
1638 1909 1648 1932 ;
1669 1901 1696 1927 et
1711 1899 1763 1927 hoc
1778 1898 1931 1927 secundum
1952 1899 2104 1927 humanam
2118 1907 2166 1928 na-

1319 1948 1427 1978 turam,
1450 1944 1603 1973 secundum
1631 1953 1715 1981 quam
1743 1952 1842 1982 passus
1869 1948 1897 1974 et
1923 1945 2089 1974 sublimatus
2116 1953 2167 1974 sua

1318 1991 1444 2028 passione
1465 1994 1492 2020 et
1512 1991 1637 2020 oratione
1659 1992 1762 2020 meruit
1783 1992 1862 2020 nobis
1883 1991 2003 2028 Spiritus
2017 1992 2104 2021 sancti
2118 1992 2166 2021 do-

1318 2038 1473 2071 nationem,
1495 2040 1522 2066 et
1542 2038 1696 2067 secundum
1724 2038 1799 2067 illam
1827 2041 1956 2067 naturam
1981 2046 2035 2067 non
2057 2041 2166 2076 poterat

1317 2084 1407 2118 dare,
1429 2083 1476 2112 sed
1498 2084 1656 2121 impetrare
1669 2085 1700 2112 ¹⁰.

1382 2297 1391 2310 ⁶
1408 2298 1475 2320 Vers.
1494 2298 1530 2320 18.

1382 2335 1391 2348 ⁶
1410 2338 1474 2359 Vers.
1493 2337 1529 2359 49.
1547 2349 1577 2353 —
1594 2337 1640 2360 Ctr.
1658 2337 1731 2359 Serm.
1750 2337 1771 2359 9.
1789 2337 1819 2359 de
1836 2336 1919 2359 Verbis
1936 2336 2029 2359 Domini
2051 2336 2073 2359 in
2090 2335 2166 2359 Coena

1321 2375 1388 2404 (inter
1404 2382 1475 2404 opera
1493 2376 1612 2405 Bernardi)
1630 2383 1651 2398 n.
1670 2376 1712 2398 ⁴0:
1732 2385 1743 2396 a
1756 2376 1786 2399 El
1801 2381 1948 2404 ειηήηοηετη,
1967 2381 2036 2405 quem
2052 2375 2164 2403 aadistis,

1319 2420 1368 2437 non
1384 2416 1417 2438 est
1434 2421 1512 2443 mens,
1530 2415 1563 2437 sic
1585 2418 1619 2437 est
1642 2415 1829 2442 intelligendum:
1846 2415 1941 2442 Sermo,
1959 2420 2028 2444 quem
2050 2413 2165 2442 audistis,

1319 2459 1367 2476 non
1384 2455 1419 2476 est
1434 2460 1516 2481 meas;
1528 2457 1550 2476 et
1561 2457 1595 2476 est
1607 2454 1637 2476 ibi
1650 2454 1766 2482 quaedam
1784 2454 1870 2482 figura,
1882 2460 1942 2483 quae
1952 2454 2036 2476 dicitur
2047 2453 2168 2482 antiptosis

1320 2486 1381 2521 [ἄντί
1399 2492 1414 2513 i.
1431 2498 1452 2514 e.
1465 2498 1512 2521 pro
1535 2495 1557 2514 et
1579 2493 1663 2517 πτῶσις
1685 2492 1699 2515 i.
1715 2499 1736 2515 e.
1753 2492 1848 2522 σαπῇ,
1865 2493 1959 2521 quando
1981 2498 2048 2515 casus
2074 2493 2167 2521 ponitur

1320 2537 1362 2559 pro
1379 2537 1434 2553 casu
1447 2540 1468 2552 υ.
1485 2543 1516 2548 -
1532 2531 1591 2553 Vide
1607 2538 1678 2559 supra
1695 2538 1715 2554 c.
1734 2531 1753 2554 4.
1772 2538 1794 2554 n.
1811 2532 1853 2560 32,
1871 2531 1910 2554 ubi
1928 2531 2042 2554 habetur:
2061 2540 2073 2552 α
2084 2531 2165 2559 Hunc,

1321 2570 1344 2592 id
1361 2573 1396 2592 est
1412 2569 1464 2598 hic,-
1476 2571 1594 2593 antithesis
1611 2574 1645 2593 est
1656 2579 1668 2590 ι)
1688 2571 1723 2599 [ut
1744 2571 1844 2599 videtur,
1861 2571 1930 2593 etiam
1953 2570 1985 2593 ihi
2006 2577 2049 2599 pro
2071 2570 2167 2593 leet10ne

1321 2615 1417 2632 erronea
1428 2609 1536 2632 codicum
1553 2612 1602 2632 erat
1619 2609 1808 2632 substituendum
1823 2608 1966 2639 antiptosis}
1982 2610 2026 2632 Pro
2042 2608 2167 2639 antiptosis

1321 2648 1390 2671 codd.
1408 2654 1461 2670 cum
1478 2649 1581 2671 Gorrano
1598 2647 1733 2675 antithesis.
1751 2649 1767 2671 N
1786 2648 1922 2672 antiehosis.

1383 2685 1391 2698 ⁷
1410 2687 1450 2709 Ed.
1468 2688 1511 2710 aaz
1527 2686 1550 2710 si
1564 2686 1686 2710 habebant.

1383 2723 1393 2737 Β
1410 2726 1433 2747 ln
1450 2726 1510 2747 ioan.
1527 2726 1614 2753 Evang.
1632 2728 1660 2748 tr.
1676 2725 1715 2748 74.
1732 2732 1755 2748 n.
1772 2726 1793 2748 2.
1811 2725 1856 2748 Cfr.
1875 2731 1945 2753 supra
1962 2731 1982 2747 c.
1998 2725 2021 2747 7.
2037 2731 2060 2747 n.
2077 2725 2115 2748 57.

1384 2763 1393 2776 ⁵¹
1410 2764 1466 2792 Cap.
1479 2765 1515 2786 48.
1531 2771 1554 2786 n.
1567 2765 1609 2787 20:
1621 2765 1679 2787 Nam
1696 2765 1753 2793 quid
1770 2764 1860 2787 stultius
1877 2770 1948 2793 quam
1966 2770 2044 2791 orare,
2061 2766 2086 2787 ut
2097 2764 2167 2786 facias

1321 2804 1385 2833 quod
1402 2804 1424 2826 in
1441 2806 1553 2832 potestate
1570 2803 1672 2826 habeas?

1384 2841 1404 2854 ¹⁰
1420 2842 1466 2865 Cfr.
1488 2843 1521 2865 lll.
1544 2843 1606 2865 Sent.
1628 2842 1651 2865 d.
1675 2842 1711 2865 47.
1734 2849 1755 2865 a.
1778 2843 1800 2865 2.
1822 2849 1845 2871 q.
1871 2843 1889 2869 i,
1907 2841 1947 2864 ubi
1969 2842 2051 2864 eadem
2068 2841 2167 2864 obiectio

1322 2881 1355 2910 (4.
1372 2882 1400 2904 ad
1417 2882 1527 2910 opposit.)
1545 2881 1647 2904 solvitur.

2179 1247 2234 1272 Resp.

2182 1853 2238 1877 Rssp.

2269 3035 2286 3177 4,„,-v-.
2277 2983 2279 3009 -.a
2277 2931 2280 2965 ⁴„
