2296 3316
23 194 29 240 1

23 294 25 303 v

23 310 117 331 mmunica-

24 341 31 354 r
43 334 118 359 propter

23 356 67 383 lplex
80 361 118 376 me-

20 385 62 416 lum.

23 425 24 442 1

21 445 24 462 l

29 543 115 563 Primum.

22 577 23 585 1

21 603 23 621 1

17 1417 106 1454 'letantur

17 1456 81 1487 ‘intuor
93 1454 117 1473 de

21 1482 102 1496 oassuone

17 1501 98 1526 JChristi.

24 1904 34 1918 o
52 1898 121 1918 Christi

23 1922 113 1941 reditione

26 1946 101 1970 triplici.

20 2134 36 2152 {t
47 2135 123 2157 propter

46 2157 87 2175 tria.

13 2499 46 2528 'loc
57 2508 131 2527 imitan-

18 2536 30 2550 ,τ
44 2531 131 2551 Christia-

493 173 718 203 COLLATIONES
739 176 770 204 IN
792 175 936 203 IOANNEM
958 175 1026 203 CAP.
1050 175 1136 203 XVIII.
1161 176 1200 203 ET
1222 176 1286 204 XIX.
1309 175 1401 204 COLL.
1424 176 1520 203 LXVII.

212 254 238 283 3.
262 253 385 289 Regnum
402 252 476 281 istud
500 260 555 280 non
577 252 627 281 sibi
653 253 702 281 soli
725 253 826 282 retinet
839 253 979 286 Christus,

134 301 181 332 sed
195 300 256 329 suis
267 298 385 336 largitur
400 298 540 333 fidelibus,
555 299 658 336 quibus
672 299 799 330 dicturus
817 302 873 328 est:
900 311 914 324 «
929 299 980 328 Ve-

134 348 205 382 nite,
227 345 362 376 benedicti
376 345 465 375 Patris
485 345 555 379 mei,
577 345 710 382 percipite
732 354 849 383 regnum
865 357 893 380 »‚
914 346 981 374 Mat-

133 393 206 423 thaei
235 392 367 430 vigesimo
391 392 489 429 quinto
502 392 520 419 ¹.
543 391 575 420 Et
595 395 675 426 nota,
697 392 772 429 quod
793 395 907 429 propter
929 391 982 420 tria

133 440 266 478 contingit
294 439 395 468 mereri
424 446 558 476 regnum,
587 439 691 468 scilicet
712 447 762 476 per
788 442 982 476 contemptum

133 488 370 521 mundanorum,
392 494 452 524 perf
463 485 673 515 exsecutionem
687 486 913 520 mandatorum,
932 494 982 523 per

132 533 339 564 sustinentiam
367 533 571 561 adversorum.
600 548 635 552 »-
663 531 876 561 Contemnentes
896 540 982 561 mun-

133 582 214 610 dana
235 583 380 611 merentur
401 579 542 616 possidere
567 586 685 616 regnum
711 579 792 608 titulo
812 579 988 616 emptionis,

133 636 189 666 quo
210 627 302 656 omnia
323 634 374 656 sua
394 626 460 655 dant
481 634 532 663 pro
552 633 638 663 regno
660 626 799 661 habendo;
821 626 895 655 unde
916 626 983 654 Mat-

133 674 206 704 thaei
237 674 344 703 decimo
375 673 499 703 terti02:
525 672 646 701 «SImile
677 675 719 701 est
749 680 866 710 regnum
895 672 983 701 caelo-

132 730 195 752 rum
216 722 350 751 thesauro
369 720 530 749 abscondito
560 719 588 748 in
609 727 691 757 agro,
723 728 806 757 quem
828 719 876 757 qui
908 719 984 748 inve-

133 770 174 799 nit
198 769 281 798 homo
305 767 448 797 abscondit
475 770 503 796 et
530 775 597 804 prae
624 767 724 804 gaudio
755 766 829 795 illius
857 766 931 795 vadit
957 770 984 796 et

133 816 226 845 vendit
259 815 402 848 universa,
434 821 506 851 quae
537 814 635 848 habet,
667 816 695 842 et
724 813 791 843 emit
821 821 921 850 agrum
952 813 984 841 il-

133 863 191 892 lum
207 874 233 890 ».
262 861 423 890 Notabiliter
443 860 561 890 dicitur:
589 861 657 889 emit
684 868 811 897 uorum:
835 860 904 889 forte
929 868 984 889 non

134 908 233 938 habuit
253 908 327 937 unde
347 910 453 937 emeret
478 908 659 942 thesaurum;
681 910 709 936 et
729 906 790 936 ideo
820 907 983 936 thesaurum

134 954 277 984 abscondit
297 958 324 983 et
355 962 453 992 agrum
475 954 554 988 emit,
586 957 614 983 et
645 961 695 990 per
717 961 889 990 consequens
920 961 984 982 cum

134 1010 201 1039 agro
217 1002 379 1030 thesaurum
401 1001 530 1038 possedit.
553 999 740 1034 Thesaurus,
755 1008 886 1037 regnum3
902 1009 984 1038 a9er,

134 1052 292 1086 paupertas.
314 1048 407 1077 Homo
428 1056 507 1085 ergo,
529 1047 647 1085 quinon
670 1047 753 1076 habet
767 1055 824 1084 quo
844 1050 985 1084 comparet

134 1104 252 1134 regnum
273 1096 431 1129 caelorum,
453 1095 548 1124 vendit
569 1095 715 1128 universa,
737 1102 809 1131 quae
831 1094 929 1129 habet,
958 1097 986 1123 et

134 1144 200 1173 emit
221 1151 319 1180 agrum
341 1142 515 1180 paupertatis
535 1146 563 1171 et
589 1141 618 1170 in
639 1149 706 1178 agro
728 1141 849 1178 possidet
874 1142 986 1170 thesau-

1831 176 1884 204 615

1038 261 1101 281 rum
1123 253 1200 290 regni
1222 253 1361 287 caelestis,
1384 253 1457 282 unde
1478 253 1605 282 Matthaei
1627 253 1725 291 qulnto
1736 254 1760 282 ³:
1787 265 1800 279 α
1813 253 1886 282 Beati

1038 307 1174 336 pauperes
1195 300 1309 336 spIritu‚
1331 300 1463 337 quoniam
1484 300 1608 337 ipsorum
1630 302 1672 329 est
1686 307 1803 337 regnum
1825 307 1885 329 cae-

1039 346 1130 374 lorum
1146 357 1171 374 ».
1189 362 1223 366 —
1248 347 1439 384 Exsequentes
1459 346 1604 376 mandata
1629 349 1773 375 merentur
1800 346 1886 383 possi·
1905 353 2020 372 Secundum.

1038 393 1104 422 dere
1119 400 1237 429 regnum
1259 393 1338 429 quasi
1353 393 1459 421 ratione
1480 393 1616 422 conducti
1629 401 1680 430 pro
1701 393 1827 422 mercede
1843 393 1885 422 sui

1040 439 1160 474 laboris;
1182 442 1209 468 et
1229 439 1290 468 ideo
1312 440 1385 468 tertii
1408 440 1512 477 Regum
1534 448 1606 468 nono
1626 440 1664 468 ait
1684 440 1818 469 Dominus
1840 440 1886 468 Sa—

1041 487 1157 516 lomoni:
1184 498 1198 511 «
1213 487 1239 515 Si
1261 487 1359 516 feceris
1379 487 1486 521 omnia,
1508 495 1580 524 quae
1604 487 1731 524 praecepi
1753 487 1817 521 tibi,
1839 495 1887 524 po-

1041 541 1103 561 nam
1126 541 1243 570 regnum
1265 536 1343 562 tuum
1366 542 1451 571 super
1472 534 1555 563 lsrael
1576 541 1665 571 usque
1687 533 1715 562 in
1743 534 1887 571 sempiter-

1040 588 1109 608 num
1121 591 1152 614 »;
1168 583 1195 609 et
1210 581 1337 610 Matthaei
1351 581 1458 610 decimo
1473 581 1568 610 tertio:
1588 592 1602 606 «
1613 581 1768 618 Fulgebunt
1782 581 1886 615 iusti»,

1041 627 1068 656 id
1083 630 1124 655 est
1137 630 1283 664 operantes
1304 628 1451 662 iustitiam,
1478 628 1575 657 «sicut
1596 628 1636 657 sol
1651 628 1678 657 in
1700 636 1786 665 regno
1800 628 1888 657 Patris

1042 673 1138 702 mei».
1163 690 1202 694 —
1227 674 1405 702 Sustinentes
1426 674 1553 702 adversa
1577 676 1721 703 merentur
1749 674 1889 711 possidere
1905 679 1996 698 Tertium·

1042 727 1173 757 regnum,
1194 720 1261 757 quia
1279 720 1354 749 socii
1367 723 1433 749 sunt
1447 720 1643 758 acquisitionis.
1666 721 1710 750 Isti
1730 721 1802 750 enim
1824 723 1890 750 sunt

1042 767 1106 796 socii
1129 767 1229 796 Christi
1251 767 1285 796 ad
1301 768 1447 805 praedam
1461 770 1489 796 et
1509 767 1544 796 ad
1568 767 1701 802 lucrum;
1722 771 1749 797 et
1768 768 1828 797 ideo
1848 768 1889 796 di-

1042 814 1115 843 citur
1135 815 1175 843 eis
1196 815 1285 843 Lucae
1306 814 1439 852 vigesimo
1460 815 1617 844 secundo4:
1643 826 1657 840 «
1672 815 1726 844 Vos
1740 815 1819 849 estis,
1841 815 1889 852 qui

1042 861 1234 898 permansistis
1254 869 1364 890 mecum
1393 862 1421 890 in
1444 862 1642 891 tentationibus
1669 862 1753 897 meis;
1774 865 1801 890 et
1829 861 1890 891 ideo

1042 908 1157 945 dispono
1178 908 1269 942 vohis,
1291 908 1364 937 sicut
1384 908 1520 945 disposuit
1547 908 1613 937 mibi
1636 908 1714 937 Pater
1742 916 1822 937 meus
1846 915 1890 938 re-

1042 962 1142 991 gnum,
1164 957 1196 982 ut
1216 954 1303 983 edatis
1324 957 1351 983 et
1373 954 1474 983 bibatis
1494 962 1579 992 super
1600 962 1723 983 mensam
1743 962 1834 983 meam
1862 954 1889 982 in

1043 1009 1128 1038 regno
1144 1008 1204 1029 meo
1219 1011 1250 1035 »3
1266 1004 1293 1029 et
1307 1001 1368 1030 ideo
1383 1001 1511 1030 Matthaei
1527 1001 1624 1038 quinto
1638 1001 1753 1030 dicitur:
1774 1012 1787 1026 «
1802 1001 1889 1035 Beati,

1043 1048 1091 1085 qui
1113 1047 1334 1084 persecutionem
1355 1048 1500 1085 patiuntur
1515 1051 1629 1085 propter
1650 1048 1798 1082 iustitiam;
1821 1056 1890 1085 quo-

1043 1095 1115 1123 niam
1138 1095 1263 1132 ipsorum
1285 1098 1326 1124 est
1347 1102 1465 1132 regnum
1486 1095 1668 1124 caelorum».

457 1260 618 1289 Cnmruruu
641 1259 728 1288 XVIII.
751 1262 779 1288 et
800 1259 865 1288 XIX.
894 1259 975 1288 Tunc
996 1268 1065 1296 erqo
1086 1258 1278 1297 apprehendit
1299 1259 1416 1288 Pilatus
1438 1260 1534 1288 Iesum
1546 1259 1566 1287 ⁵.

212 1372 292 1400 Circa
318 1371 471 1409 passionem
493 1370 611 1404 Christi,
639 1369 673 1398 de
695 1378 751 1407 qua
771 1369 863 1407 agitur
891 1370 918 1398 in
940 1377 985 1398 ca-

133 1419 222 1457 pitulo
242 1419 310 1453 isto,
335 1417 534 1447 consideranda
555 1419 621 1446 sunt
641 1419 776 1454 quatuor,
799 1416 902 1445 scilicet
924 1419 985 1444 tra-

134 1467 222 1501 ditio,
244 1466 359 1500 illusio,
387 1464 545 1503 flaycltatio
566 1467 593 1493 et
618 1463 791 1501 crucisiaeio,
816 1471 888 1501 quae
916 1472 985 1500 qua-

135 1517 199 1543 tuor
230 1513 353 1542 breviter
384 1512 490 1541 notavit
520 1512 579 1549 ipse
614 1511 704 1545 lesus,
739 1519 803 1539 cum
825 1510 986 1539 ascenderet

135 1561 169 1590 ad
190 1560 360 1598 passionem,
389 1559 517 1588 Matthaei
546 1558 716 1596 vigesimo⁶:
745 1557 893 1586 «Tradent
921 1565 984 1586 eum

135 1609 264 1647 gentibus
288 1607 322 1636 ad
348 1606 520 1636 illudendum
549 1608 576 1635 et
604 1604 798 1643 flagellandum
820 1607 848 1633 et
875 1604 986 1633 crucili-

136 1655 257 1693 gendum
272 1666 297 1682 ».

189 1756 330 1781 COLLATIO
347 1756 434 1779 LXVII.
453 1756 488 1778 ET
507 1755 592 1778 PRIMA
610 1755 646 1777 DE
663 1754 798 1777 PASSIONE
815 1753 937 1777 CHRISTI.

218 1845 242 1872 l.
257 1843 336 1872 Circa
356 1842 458 1871 Christi
474 1841 660 1870 traditionem
675 1844 756 1875 nota,
771 1840 846 1877 quod
860 1840 988 1868 Christus

137 1892 190 1921 fuit
210 1891 312 1920 iniuste
339 1890 459 1919 traditus
480 1897 495 1917 a
523 1888 630 1917 tribus:
652 1896 668 1916 a
689 1888 785 1921 Iuda;
806 1887 914 1916 Ioannis
941 1887 988 1916 de-

138 1939 209 1968 cimo
229 1940 326 1966 octavo
338 1937 364 1965 ⁷:
391 1948 404 1962 <t
420 1936 514 1965 Stabat
535 1938 628 1964 autem
643 1937 670 1964 et
686 1934 782 1968 Iudas,
797 1934 845 1971 qui
861 1933 989 1963 tradebat

137 1993 203 2015 eum
223 1984 329 2014 Iudaeis
349 1995 380 2019 »3
402 1992 418 2012 a
440 1983 559 2012 Iudaeis
567 1993 577 2016 ,·
608 1982 715 2011 Ioannis
746 1981 853 2011 decimo
874 1984 988 2010 octavo:

143 2045 156 2059 «
170 2033 242 2062 Gens
263 2035 311 2061 tua
331 2034 358 2061 et
372 2031 516 2068 pontifices
538 2030 578 2059 tui
597 2029 772 2058 tradiderunt
793 2032 819 2058 te
840 2028 908 2057 mihi
924 2039 957 2063 »ς
974 2037 989 2056 a

139 2080 236 2109 Pilato
244 2090 254 2114 ‚·
269 2078 376 2108 loannis
396 2078 503 2107 decimo
524 2085 609 2106 nono:
636 2088 649 2101 α
664 2077 742 2105 Tunc
756 2076 869 2105 tradidit
890 2076 929 2105 eis
952 2076 989 2105 Ie-

139 2135 215 2162 sum,
236 2129 269 2155 ut
289 2125 502 2162 crucifigeretur
517 2136 544 2152 ».
561 2140 597 2144 —-
620 2123 712 2151 Iudas
735 2122 846 2151 tradidit
866 2130 931 2151 eum
953 2130 990 2151 ex

139 2173 316 2211 cupiditate;
344 2171 472 2200 Matthaei
502 2170 633 2207 vigesimo
655 2169 770 2199 sextoss:
797 2180 811 2194 «
829 2169 901 2206 Quid
922 2169 990 2197 mibi

139 2220 224 2250 vultis
238 2219 314 2254 dare,
328 2221 355 2248 et
369 2226 420 2256 ego
431 2225 495 2247 eum
507 2217 585 2246 vobis
595 2216 705 2245 tradam
718 2228 745 2244 ».
758 2216 863 2245 Iudaei
876 2224 913 2245 ex
927 2224 991 2244 ma-

140 2267 272 2305 liynitate
293 2269 317 2295 et
338 2265 471 2298 invitati,-
493 2264 576 2293 Marci
597 2263 704 2293 decimo
719 2263 829 2301 quinto:
855 2274 869 2288 «
884 2262 992 2292 Sciebat

140 2317 250 2348 autem,
271 2313 346 2351 quod
367 2320 417 2350 per
439 2311 569 2340 invidiam
591 2310 768 2339 tradidissent
786 2317 851 2339 eum
866 2322 893 2338 ».
910 2309 991 2338 Pila-

141 2365 188 2390 tus
209 2369 246 2390 ex
271 2359 415 2398 populari
440 2358 543 2397 qratia
571 2358 614 2387 vel
635 2358 745 2392 favore;
774 2357 857 2386 Marci
885 2356 992 2385 decimo

141 2407 255 2445 quinto:
282 2418 295 2432 «
312 2407 414 2435 Pilatus
441 2408 551 2440 autem,
581 2405 676 2433 volens
704 2403 862 2433 satisfacere
889 2403 993 2440 populo

142 2454 247 2483 dimisit
267 2453 321 2483 illis
336 2453 489 2482 Barabbam
514 2454 541 2481 et
556 2451 669 2480 tradidit
689 2451 743 2480 illis
767 2451 856 2480 lesum
878 2450 993 2487 flagellis

143 2508 270 2535 caesum,
286 2502 318 2529 ut
332 2499 528 2536 crucifigerent
542 2506 607 2527 eum
618 2510 645 2526 ».
660 2514 695 2519 --
708 2497 745 2526 Ad
760 2505 882 2535 quorum
897 2505 994 2526 exem-

143 2547 220 2584 plum
236 2547 349 2584 quidam
364 2546 445 2575 hodie
467 2547 677 2583 persequuntur
691 2543 993 2573 Christum-veritatem

1042 1377 1078 1398 ex
1100 1369 1276 1406 cupiditate,
1299 1372 1330 1397 ut
1345 1369 1499 1403 simoniaci3
1515 1369 1628 1406 quidam
1648 1377 1686 1398 ex
1706 1368 1890 1406 malignitate

1042 1419 1067 1445 et
1081 1416 1210 1450 invidia,
1230 1416 1302 1445 sicut
1317 1416 1463 1451 haeretici;
1485 1416 1597 1453 quidam
1613 1424 1650 1445 ex
1661 1416 1806 1453 populari
1818 1424 1889 1453 gyra-

1043 1464 1086 1492 tia
1109 1463 1151 1492 vel
1171 1463 1281 1497 favore,
1304 1463 1376 1492 sicut
1396 1463 1601 1500 praedicatores
1622 1463 1728 1492 remissi
1741 1462 1760 1491 9.

1123 1512 1149 1539 Ξ.
1172 1510 1349 1547 Nota,·quod
1370 1510 1472 1539 Christi
1493 1509 1604 1538 traditio
1625 1509 1704 1538 nobiS
1725 1510 1891 1547 proponitur
1911 1516 2029 1543 christina-

1044 1559 1071 1587 in
1098 1558 1250 1596 speculum
1280 1557 1535 1594 contemplationis,
1557 1557 1585 1585 in
1606 1556 1767 1586 remedium
1792 1557 1892 1585 libera-
1904 1540 2038 1605 ἓὲῖἷῖῗεῐῇτὲῧῖ

1044 1606 1140 1640 tionis,
1163 1605 1190 1633 in
1212 1604 1375 1642 exemplum
1395 1604 1555 1633 imitationis
1582 1607 1610 1633 et
1637 1604 1664 1632 in
1686 1604 1892 1632 documentum
1926 1586 2022 1629 r‘rfflffffi

1044 1651 1242 1681 instructionis.
1264 1667 1301 1672 -—
1324 1651 1350 1679 In
1372 1650 1523 1688 speculam
1544 1650 1793 1688 contemplationis
1813 1650 1892 1679 nobis
1908 1656 2009 1699 oelrpizimu

1044 1699 1219 1736 proponitur,
1234 1701 1266 1727 ut
1280 1706 1317 1727 ex
1331 1698 1391 1727 eius
1412 1697 1642 1734 contemplatione
1662 1697 1696 1726 ad
1717 1697 1892 1726 dilectionem
1977 1694 1981 1699 '

1044 1745 1237 1774 accendamur.
1260 1746 1313 1774 Ter
1334 1744 1406 1773 enim
1428 1744 1481 1773 fuit
1501 1744 1629 1773 Christus
1650 1744 1786 1773 traditus:
1801 1744 1892 1781 primo

1045 1801 1061 1821 a
1081 1792 1177 1826 Iuda,
1197 1795 1224 1820 et
1242 1792 1270 1820 iu
1292 1791 1339 1820 illa
1359 1791 1506 1820 traditione
1527 1791 1580 1820 fuit
1599 1791 1751 1825 venditus;
1771 1790 1893 1820 secundo

1045 1849 1061 1869 a
1082 1839 1219 1873 Iudaeis,
1241 1841 1268 1867 et
1296 1839 1323 1867 in
1345 1838 1392 1867 illa
1414 1838 1561 1867 traditione
1581 1838 1634 1867 fuit
1665 1838 1892 1872 condemnatus;

1047 1886 1128 1916 tertio
1149 1894 1166 1914 a
1188 1885 1302 1919 Pilato,
1324 1888 1351 1914 et
1372 1885 1398 1914 in
1421 1885 1467 1914 illa
1487 1885 1634 1915 traditione
1654 1885 1706 1914 fuit
1720 1884 1892 1922 crucifixus.

1047 1933 1191 1970 Quomodo
1212 1941 1278 1971 ergo
1299 1940 1329 1962 se
1349 1935 1458 1970 poterat
1485 1941 1536 1970 pro
1564 1933 1643 1962 nobis
1671 1932 1820 1970 perfectius
1844 1940 1895 1961 ex-

1047 1981 1183 2018 pendere,
1205 1980 1256 2009 nisi
1279 1983 1311 2009 ut
1330 1980 1502 2009 vinderetur
1526 1988 1577 2017 pro
1604 1980 1683 2009 nobis
1711 1979 1893 2014 redimendis,

1047 2029 1294 2057 condemnaretur
1308 2036 1359 2065 pro
1374 2028 1453 2056 nobis
1467 2027 1656 2062 absolvendis,
1672 2027 1895 2065 crucifiyeretur

1048 2083 1099 2112 pro
1120 2074 1199 2103 nobis
1220 2074 1394 2103 liberandis?
1415 2074 1469 2103 Hoc
1496 2074 1570 2103 enim
1602 2076 1691 2103 totum
1722 2074 1826 2103 factum
1854 2077 1896 2103 est

1048 2121 1076 2150 in
1101 2129 1152 2150 sua
1173 2121 1336 2155 traditione;
1357 2120 1431 2158 quod
1463 2121 1656 2155 considerans,
1678 2121 1775 2150 beatus
1795 2121 1896 2150 Paulus

1048 2168 1157 2197 dicebat
1176 2168 1211 2197 ad
1232 2168 1340 2197 Galatas
1365 2168 1486 2196 secundo
1499 2168 1539 2196 ¹⁰:
1566 2179 1580 2193 «
1594 2168 1663 2196 Vivo
1684 2175 1750 2205 ego,
1772 2168 1826 2196 iam
1840 2176 1895 2196 non

1049 2223 1115 2252 ego,
1136 2215 1204 2244 vivit
1226 2222 1292 2243 vero
1314 2214 1340 2243 in
1363 2222 1407 2243 me
1434 2214 1577 2249 Christus;
1599 2214 1673 2252 quod
1697 2217 1790 2243 autem
1822 2221 1896 2243 nunc

1051 2262 1112 2291 vivo
1132 2262 1160 2290 in
1181 2269 1281 2296 carne,
1303 2261 1330 2290 in
1352 2261 1406 2290 tide
1427 2261 1489 2290 vivo
1510 2261 1568 2290 Filii
1589 2261 1653 2295 Dei,
1668 2261 1717 2298 qui
1734 2260 1833 2290 dilexit
1853 2268 1897 2289 me

1049 2313 1077 2338 et
1099 2308 1211 2337 tradidit
1232 2308 1411 2345 semetipsum
1433 2316 1484 2345 pro
1506 2316 1550 2337 me
1563 2320 1590 2336 ».

1129 2356 1155 2384 3.
1178 2355 1301 2384 Traditio
1322 2355 1423 2384 Christi
1442 2355 1522 2384 nobis
1536 2355 1587 2383 suit
1608 2355 1635 2383 in
1656 2355 1818 2383 remedium
1833 2353 1898 2383 libe·
1914 2359 2038 2402 Deffieaundo

1050 2403 1186 2432 rationis.
1219 2403 1272 2431 Ter
1303 2402 1377 2431 enim
1408 2402 1460 2430 fuit
1491 2402 1618 2431 Christus
1649 2401 1787 2431 traditus:
1808 2401 1899 2439 primo
1993 2397 1997 2402 “

1051 2449 1143 2483 lzosti;
1172 2449 1293 2478 secundo
1324 2448 1419 2477 iudici
1425 2459 1435 2482 ;
1457 2448 1538 2477 tertio
1569 2449 1682 2477 tortori.
1706 2449 1798 2477 ludas
1825 2448 1899 2478 enim

1051 2495 1163 2525 tradidit
1184 2503 1249 2524 eum
1271 2495 1413 2529 hostibus,
1434 2495 1462 2524 id
1483 2498 1524 2524 est
1545 2495 1667 2529 Iudaeis;
1687 2494 1779 2524 hostes
1799 2494 1899 2529 iudici,

1052 2543 1079 2572 id
1100 2546 1141 2571 est
1163 2542 1265 2576 Pilat0;
1288 2541 1407 2570 Pilatus
1435 2541 1604 2576 tortoribus,
1626 2541 1653 2570 id
1680 2544 1722 2571 est
1749 2541 1899 2575 militibus,

208 2732 215 2745 ¹
234 2733 300 2755 Vers.
317 2732 355 2755 34.
375 2744 403 2748 -
426 2731 529 2754 Subinde
551 2737 593 2759 pro
613 2737 657 2760 per
674 2735 807 2754 eaescculu...
898 2738 995 2753 maurm-

140 2778 201 2795 rrum
218 2772 235 2794 B
248 2777 293 2801 per
311 2770 465 2794 obedientiam
481 2769 661 2793 mandatorum.
1023 2730 1025 2822 1

208 2810 217 2824 ²
235 2811 301 2834 Vers.
319 2810 356 2833 44.

208 2849 218 2862 ³
236 2850 301 2873 Vers.
319 2850 341 2872 3.
358 2862 388 2866 —
406 2849 456 2871 Duo
473 2855 539 2878 seqq.
556 2848 600 2871 loci
617 2851 670 2870 sunt
688 2849 721 2871 lll.
738 2849 795 2876 Rog.
813 2849 839 2874 ἕ),
865 2848 883 2869 4.
902 2854 951 2876 seq.
975 2850 996 2869 et

146 2890 222 2913 lllattli.
239 2890 283 2918 113,
301 2889 339 2912 43.

208 2927 219 2941 4
236 2929 301 2951 Vers.
319 2929 356 2951 28.
374 2930 396 2951 et
413 2928 451 2950 29.
468 2940 499 2944 —
516 2927 624 2956 Sequitur
642 2927 718 2949 Matlh.
736 2928 762 2953 si,
777 2928 819 2949 'ltu

209 2966 219 2979 ⁵
237 2968 267 2990 Ex
284 2967 380 2995 integris
397 2972 430 2989 cc.
449 2967 485 2988 18.
498 2968 520 2988 ot
533 2966 570 2988 19.
582 2968 662 2988 auctor
673 2965 756 2988 seriem
769 2965 883 2993 passionis
894 2965 995 2993 collegit,

1053 2731 1111 2759 quin
1128 2730 1247 2758 speciatim
1267 2731 1347 2752 tractet
1363 2728 1392 2751 de
1409 2728 1486 2758 aliquo
1512 2734 1581 2751 versu
1606 2728 1648 2751 nisi
1674 2728 1704 2751 de
1729 2727 1821 2751 duobus
1845 2727 1900 2750 intra

1053 2776 1108 2798 pag.
1127 2769 1171 2791 618
1189 2775 1238 2798 seq.

1116 2806 1126 2820 ⁶
1144 2808 1209 2830 Vers.
1227 2808 1264 2829 49.

1115 2845 1124 2858 '¹
1143 2847 1209 2869 Vers.
1227 2847 1248 2869 5.
1265 2858 1296 2863 —
1312 2846 1363 2868 Duo
1380 2851 1446 2874 seqq.
1463 2845 1505 2868 loci
1523 2848 1576 2868 sunt
1593 2846 1653 2868 Ioan.
1667 2845 1709 2874 ¹18,
1727 2845 1764 2867 35.
1776 2847 1798 2868 et
1813 2845 1851 2871 19,
1865 2845 1901 2866 lo.

1115 2884 1125 2898 ⁸
1142 2886 1208 2909 Vers.
1226 2885 1263 2907 15.
1278 2897 1310 2902 -
1324 2884 1460 2914 Sequuntur
1478 2885 1546 2907 Marc.
1565 2885 1607 2913 15,
1625 2884 1661 2907 10.
1679 2887 1702 2907 et
1719 2884 1756 2907 45.

1115 2924 1125 2937 ⁹
1141 2926 1176 2948 Du
1198 2924 1290 2953 Gange,
1311 2924 1452 2947 Glossarium
1477 2926 1535 2947 eta:
1556 2923 1688 2950 Remissus,
1714 2923 1780 2952 Angl.
1803 2922 1900 2951 remiss,

1054 2965 1166 2993 ignavus,
1183 2963 1294 2992 imbellis,
1310 2963 1401 2991 segnis,
1420 2963 1488 2986 iners.
1745 2960 1765 2975 ¹⁰
1781 2962 1846 2985 Vers.
1864 2962 1901 2984 20.
