<?xml version="1.0" encoding="UTF-8"?>
<!DOCTYPE html PUBLIC "-//W3C//DTD XHTML 1.0 Transitional//EN"
    "http://www.w3.org/TR/xhtml1/DTD/xhtml1-transitional.dtd">
<html xmlns="http://www.w3.org/1999/xhtml" xml:lang="en" lang="en">
 <head>
  <title>
</title>
<meta http-equiv="Content-Type" content="text/html;charset=utf-8" />
  <meta name='ocr-system' content='tesseract 3.04.00' />
  <meta name='ocr-capabilities' content='ocr_page ocr_carea ocr_par ocr_line ocrx_word'/>
</head>
<body>
  <div class='ocr_page' id='page_1' title='image "./doctorisseraphic06bona_0062.png"; bbox 0 0 2296 3316; ppageno 0'>
   <div class='ocr_carea' id='block_1_1' title="bbox 218 706 322 725">
    <p class='ocr_par' dir='ltr' id='par_1_1' title="bbox 218 706 322 725">
     <span class='ocr_line' id='line_1_1' title="bbox 218 706 322 725; baseline -0.01 0"><span class='ocrx_word' id='word_1_1' title='bbox 218 706 246 725; x_wconf 84' lang='lat' dir='ltr'>De</span> <span class='ocrx_word' id='word_1_2' title='bbox 261 706 322 725; x_wconf 79' lang='lat' dir='ltr'>tertio.</span> 
     </span>
    </p>
   </div>
   <div class='ocr_carea' id='block_1_2' title="bbox 346 163 383 191">
    <p class='ocr_par' dir='ltr' id='par_1_2' title="bbox 346 163 383 191">
     <span class='ocr_line' id='line_1_2' title="bbox 346 163 383 191; baseline 0 0"><span class='ocrx_word' id='word_1_3' title='bbox 346 163 383 191; x_wconf 67' lang='lat'>90</span> 
     </span>
    </p>
   </div>
   <div class='ocr_carea' id='block_1_3' title="bbox 342 239 1193 513">
    <p class='ocr_par' dir='ltr' id='par_1_3' title="bbox 342 239 1193 513">
     <span class='ocr_line' id='line_1_3' title="bbox 343 239 1192 276; baseline -0.001 -7"><span class='ocrx_word' id='word_1_4' title='bbox 343 242 417 269; x_wconf 84' lang='lat' dir='ltr'>recte</span> <span class='ocrx_word' id='word_1_5' title='bbox 438 243 480 269; x_wconf 86' lang='lat' dir='ltr'>est</span> <span class='ocrx_word' id='word_1_6' title='bbox 507 240 544 269; x_wconf 91' lang='lat' dir='ltr'>ibi</span> <span class='ocrx_word' id='word_1_7' title='bbox 567 240 644 269; x_wconf 87' lang='lat' dir='ltr'>labor</span> <span class='ocrx_word' id='word_1_8' title='bbox 671 243 698 269; x_wconf 88' lang='lat' dir='ltr'>et</span> <span class='ocrx_word' id='word_1_9' title='bbox 719 239 831 268; x_wconf 83' lang='lat' dir='ltr'>afflictio</span> <span class='ocrx_word' id='word_1_10' title='bbox 858 239 981 276; x_wconf 86' lang='lat' dir='ltr'>spiritus.</span> <span class='ocrx_word' id='word_1_11' title='bbox 1003 239 1079 268; x_wconf 88' lang='lat' dir='ltr'>Unde</span> <span class='ocrx_word' id='word_1_12' title='bbox 1100 239 1192 276; x_wconf 82' lang='lat' dir='ltr'>Hugo:</span> 
     </span>
     <span class='ocr_line' id='line_1_4' title="bbox 347 285 1193 324; baseline -0.001 -9"><span class='ocrx_word' id='word_1_13' title='bbox 347 298 361 312; x_wconf 81' lang='lat'>«</span> <span class='ocrx_word' id='word_1_14' title='bbox 374 286 525 315; x_wconf 74' lang='lat' dir='ltr'>Curiositas</span> <span class='ocrx_word' id='word_1_15' title='bbox 542 286 576 315; x_wconf 85' lang='lat' dir='ltr'>ad</span> <span class='ocrx_word' id='word_1_16' title='bbox 598 286 803 324; x_wconf 82' lang='lat' dir='ltr'>inquisitionem</span> <span class='ocrx_word' id='word_1_17' title='bbox 817 294 882 315; x_wconf 88' lang='lat' dir='ltr'>eum</span> <span class='ocrx_word' id='word_1_18' title='bbox 904 285 1073 323; x_wconf 88' lang='lat' dir='ltr'>impellebat,</span> <span class='ocrx_word' id='word_1_19' title='bbox 1095 293 1193 323; x_wconf 86' lang='lat' dir='ltr'>super-</span> 
     </span>
     <span class='ocr_line' id='line_1_5' title="bbox 343 333 1193 370; baseline 0 -8"><span class='ocrx_word' id='word_1_20' title='bbox 343 334 389 362; x_wconf 82' lang='lat' dir='ltr'>bia</span> <span class='ocrx_word' id='word_1_21' title='bbox 408 334 442 362; x_wconf 86' lang='lat' dir='ltr'>ad</span> <span class='ocrx_word' id='word_1_22' title='bbox 462 334 688 368; x_wconf 88' lang='lat' dir='ltr'>ostentationem;</span> <span class='ocrx_word' id='word_1_23' title='bbox 710 337 738 362; x_wconf 85' lang='lat' dir='ltr'>et</span> <span class='ocrx_word' id='word_1_24' title='bbox 752 333 812 362; x_wconf 89' lang='lat' dir='ltr'>ideo</span> <span class='ocrx_word' id='word_1_25' title='bbox 833 333 947 370; x_wconf 85' lang='lat' dir='ltr'>dignum</span> <span class='ocrx_word' id='word_1_26' title='bbox 969 336 1041 367; x_wconf 89' lang='lat' dir='ltr'>erat,</span> <span class='ocrx_word' id='word_1_27' title='bbox 1058 337 1088 362; x_wconf 87' lang='lat' dir='ltr'>ut</span> <span class='ocrx_word' id='word_1_28' title='bbox 1110 333 1193 362; x_wconf 91' lang='lat' dir='ltr'>tumi-</span> 
     </span>
     <span class='ocr_line' id='line_1_6' title="bbox 342 376 1192 418; baseline 0 -9"><span class='ocrx_word' id='word_1_29' title='bbox 342 381 409 410; x_wconf 89' lang='lat' dir='ltr'>dum</span> <span class='ocrx_word' id='word_1_30' title='bbox 431 376 508 409; x_wconf 79' lang='lat' dir='ltr'>labor</span> <span class='ocrx_word' id='word_1_31' title='bbox 531 384 684 418; x_wconf 87' lang='lat' dir='ltr'>premeret,</span> <span class='ocrx_word' id='word_1_32' title='bbox 707 383 735 409; x_wconf 87' lang='lat' dir='ltr'>et</span> <span class='ocrx_word' id='word_1_33' title='bbox 755 380 897 410; x_wconf 82' lang='lat' dir='ltr'>curiosum</span> <span class='ocrx_word' id='word_1_34' title='bbox 912 380 1057 417; x_wconf 89' lang='lat' dir='ltr'>occupatio</span> <span class='ocrx_word' id='word_1_35' title='bbox 1077 380 1192 418; x_wconf 89' lang='lat' dir='ltr'>dissipa-</span> 
     </span>
     <span class='ocr_line' id='line_1_7' title="bbox 343 426 1191 465; baseline -0.001 -9"><span class='ocrx_word' id='word_1_36' title='bbox 343 431 386 456; x_wconf 89' lang='lat' dir='ltr'>ret</span> <span class='ocrx_word' id='word_1_37' title='bbox 403 440 430 456; x_wconf 72' lang='lat' dir='ltr'>n.</span> <span class='ocrx_word' id='word_1_38' title='bbox 453 444 490 449; x_wconf 88' lang='lat'><em>-</em></span> <span class='ocrx_word' id='word_1_39' title='bbox 513 428 602 456; x_wconf 84' lang='lat' dir='ltr'>Potest</span> <span class='ocrx_word' id='word_1_40' title='bbox 629 427 712 456; x_wconf 86' lang='lat' dir='ltr'>etiam</span> <span class='ocrx_word' id='word_1_41' title='bbox 733 427 846 465; x_wconf 78' lang='lat' dir='ltr'>intelligi</span> <span class='ocrx_word' id='word_1_42' title='bbox 867 426 901 456; x_wconf 91' lang='lat' dir='ltr'>de</span> <span class='ocrx_word' id='word_1_43' title='bbox 916 427 1062 456; x_wconf 84' lang='lat' dir='ltr'>afflictione</span> <span class='ocrx_word' id='word_1_44' title='bbox 1083 427 1191 456; x_wconf 75' lang='lat' dir='ltr'>contri—</span> 
     </span>
     <span class='ocr_line' id='line_1_8' title="bbox 342 474 1191 513; baseline -0.001 -10"><span class='ocrx_word' id='word_1_45' title='bbox 342 475 445 509; x_wconf 72' lang='lat' dir='ltr'>tionis,</span> <span class='ocrx_word' id='word_1_46' title='bbox 467 475 533 513; x_wconf 83' lang='lat' dir='ltr'>quia</span> <span class='ocrx_word' id='word_1_47' title='bbox 553 475 636 504; x_wconf 88' lang='lat' dir='ltr'>etiam</span> <span class='ocrx_word' id='word_1_48' title='bbox 658 475 705 504; x_wconf 90' lang='lat' dir='ltr'>nbi</span> <span class='ocrx_word' id='word_1_49' title='bbox 727 475 814 503; x_wconf 87' lang='lat' dir='ltr'>multa</span> <span class='ocrx_word' id='word_1_50' title='bbox 829 474 961 511; x_wconf 81' lang='lat' dir='ltr'>sapientia</span> <span class='ocrx_word' id='word_1_51' title='bbox 976 477 1032 508; x_wconf 89' lang='lat' dir='ltr'>est,</span> <span class='ocrx_word' id='word_1_52' title='bbox 1048 474 1136 502; x_wconf 79' lang='lat' dir='ltr'>multa</span> <span class='ocrx_word' id='word_1_53' title='bbox 1150 477 1191 503; x_wconf 88' lang='lat' dir='ltr'>est</span> 
     </span>
    </p>
   </div>
   <div class='ocr_carea' id='block_1_4' title="bbox 927 160 1512 190">
    <p class='ocr_par' dir='ltr' id='par_1_4' title="bbox 927 160 1512 190">
     <span class='ocr_line' id='line_1_9' title="bbox 927 160 1512 190; baseline 0.002 -1"><span class='ocrx_word' id='word_1_54' title='bbox 927 160 1097 189; x_wconf 84' lang='lat' dir='ltr'>COMMENT.</span> <span class='ocrx_word' id='word_1_55' title='bbox 1120 161 1152 190; x_wconf 81' lang='grc' dir='ltr'>ΙΝ</span> <span class='ocrx_word' id='word_1_56' title='bbox 1174 160 1412 190; x_wconf 79' lang='lat' dir='ltr'>ECCLESlASTEN</span> <span class='ocrx_word' id='word_1_57' title='bbox 1433 161 1460 189; x_wconf 90' lang='lat' dir='ltr'>C.</span> <span class='ocrx_word' id='word_1_58' title='bbox 1484 161 1512 190; x_wconf 91' lang='lat'>11.</span> 
     </span>
    </p>
   </div>
   <div class='ocr_carea' id='block_1_5' title="bbox 1248 239 2101 503">
    <p class='ocr_par' dir='ltr' id='par_1_5' title="bbox 1248 239 2101 503">
     <span class='ocr_line' id='line_1_10' title="bbox 1250 239 2100 278; baseline 0.004 -11"><span class='ocrx_word' id='word_1_59' title='bbox 1250 239 1401 276; x_wconf 78' lang='lat' dir='ltr'>indignatio</span> <span class='ocrx_word' id='word_1_60' title='bbox 1422 242 1519 268; x_wconf 89' lang='lat' dir='ltr'>contra</span> <span class='ocrx_word' id='word_1_61' title='bbox 1540 242 1698 277; x_wconf 62' lang='lat' dir='ltr'>peccatum</span> <span class='ocrx_word' id='word_1_62' title='bbox 1722 240 1851 270; x_wconf 83' lang='lat' dir='ltr'>Ieremiae</span> <span class='ocrx_word' id='word_1_63' title='bbox 1878 240 2019 278; x_wconf 85' lang='lat' dir='ltr'>trigesimo</span> <span class='ocrx_word' id='word_1_64' title='bbox 2043 241 2100 278; x_wconf 86' lang='lat' dir='ltr'>pri-</span> 
     </span>
     <span class='ocr_line' id='line_1_11' title="bbox 1250 287 2100 325; baseline 0.004 -11"><span class='ocrx_word' id='word_1_65' title='bbox 1250 294 1295 315; x_wconf 89' lang='lat' dir='ltr'>mo</span> <span class='ocrx_word' id='word_1_66' title='bbox 1313 287 1340 314; x_wconf 90' lang='lat'>¹:</span> <span class='ocrx_word' id='word_1_67' title='bbox 1368 287 1543 324; x_wconf 82' lang='lat' dir='ltr'>«Postquam</span> <span class='ocrx_word' id='word_1_68' title='bbox 1576 287 1718 316; x_wconf 83' lang='lat' dir='ltr'>ostendisti</span> <span class='ocrx_word' id='word_1_69' title='bbox 1746 287 1831 322; x_wconf 89' lang='lat' dir='ltr'>mihi,</span> <span class='ocrx_word' id='word_1_70' title='bbox 1859 288 1983 325; x_wconf 77' lang='lat' dir='ltr'>percussi</span> <span class='ocrx_word' id='word_1_71' title='bbox 2009 288 2100 318; x_wconf 83' lang='lat' dir='ltr'>femur</span> 
     </span>
     <span class='ocr_line' id='line_1_12' title="bbox 1250 333 2098 372; baseline 0.004 -11"><span class='ocrx_word' id='word_1_72' title='bbox 1250 341 1382 362; x_wconf 80' lang='lat' dir='ltr'>meum».</span> <span class='ocrx_word' id='word_1_73' title='bbox 1405 334 1506 372; x_wconf 75' lang='lat' dir='ltr'>Ecqui</span> <span class='ocrx_word' id='word_1_74' title='bbox 1526 333 1610 362; x_wconf 78' lang='lat' dir='ltr'>addit</span> <span class='ocrx_word' id='word_1_75' title='bbox 1629 334 1782 363; x_wconf 74' lang='lat' dir='ltr'>scientiam</span> <span class='ocrx_word' id='word_1_76' title='bbox 1804 334 1888 363; x_wconf 74' lang='lat' dir='ltr'>addit</span> <span class='ocrx_word' id='word_1_77' title='bbox 1908 338 1934 363; x_wconf 82' lang='lat' dir='ltr'>et</span> <span class='ocrx_word' id='word_1_78' title='bbox 1957 335 2098 369; x_wconf 82' lang='lat' dir='ltr'>dolorem,</span> 
     </span>
     <span class='ocr_line' id='line_1_13' title="bbox 1249 380 2101 417; baseline 0.004 -8"><span class='ocrx_word' id='word_1_79' title='bbox 1249 380 1352 409; x_wconf 83' lang='lat' dir='ltr'>scilicet</span> <span class='ocrx_word' id='word_1_80' title='bbox 1366 381 1562 417; x_wconf 88' lang='lat' dir='ltr'>poenitentiae;</span> <span class='ocrx_word' id='word_1_81' title='bbox 1585 380 1631 410; x_wconf 90' lang='lat' dir='ltr'>Iob</span> <span class='ocrx_word' id='word_1_82' title='bbox 1645 381 1759 410; x_wconf 89' lang='lat' dir='ltr'>ultimo:</span> <span class='ocrx_word' id='word_1_83' title='bbox 1786 382 1888 410; x_wconf 74' lang='lat' dir='ltr'>«Nunc</span> <span class='ocrx_word' id='word_1_84' title='bbox 1909 382 2007 411; x_wconf 89' lang='lat' dir='ltr'>oculus</span> <span class='ocrx_word' id='word_1_85' title='bbox 2021 390 2101 412; x_wconf 88' lang='lat' dir='ltr'>meus</span> 
     </span>
     <span class='ocr_line' id='line_1_14' title="bbox 1249 427 2100 466; baseline 0.004 -10"><span class='ocrx_word' id='word_1_86' title='bbox 1249 427 1322 456; x_wconf 89' lang='lat' dir='ltr'>videt</span> <span class='ocrx_word' id='word_1_87' title='bbox 1344 431 1386 462; x_wconf 71' lang='lat' dir='ltr'>te,</span> <span class='ocrx_word' id='word_1_88' title='bbox 1408 428 1511 457; x_wconf 88' lang='lat' dir='ltr'>idcirco</span> <span class='ocrx_word' id='word_1_89' title='bbox 1525 436 1569 457; x_wconf 89' lang='lat' dir='ltr'>me</span> <span class='ocrx_word' id='word_1_90' title='bbox 1591 428 1765 465; x_wconf 80' lang='lat' dir='ltr'>reprehendo</span> <span class='ocrx_word' id='word_1_91' title='bbox 1783 432 1810 457; x_wconf 87' lang='lat' dir='ltr'>et</span> <span class='ocrx_word' id='word_1_92' title='bbox 1831 437 1882 466; x_wconf 85' lang='lat' dir='ltr'>ago</span> <span class='ocrx_word' id='word_1_93' title='bbox 1903 429 2100 466; x_wconf 87' lang='lat' dir='ltr'>poenitentiam</span> 
     </span>
     <span class='ocr_line' id='line_1_15' title="bbox 1248 474 1584 503; baseline 0.003 -1"><span class='ocrx_word' id='word_1_94' title='bbox 1248 474 1275 502; x_wconf 92' lang='lat' dir='ltr'>in</span> <span class='ocrx_word' id='word_1_95' title='bbox 1297 474 1388 503; x_wconf 82' lang='lat' dir='ltr'>favilla</span> <span class='ocrx_word' id='word_1_96' title='bbox 1406 478 1433 503; x_wconf 88' lang='lat' dir='ltr'>et</span> <span class='ocrx_word' id='word_1_97' title='bbox 1454 474 1584 503; x_wconf 83' lang='lat' dir='ltr'>cinere».</span> 
     </span>
    </p>
   </div>
   <div class='ocr_carea' id='block_1_6' title="bbox 1112 560 1323 589">
    <p class='ocr_par' dir='ltr' id='par_1_6' title="bbox 1112 560 1323 589">
     <span class='ocr_line' id='line_1_16' title="bbox 1112 560 1323 589; baseline -0.005 0"><span class='ocrx_word' id='word_1_98' title='bbox 1112 560 1273 589; x_wconf 76' lang='lat' dir='ltr'>CAPlTULUM</span> <span class='ocrx_word' id='word_1_99' title='bbox 1296 561 1323 588; x_wconf 88' lang='lat' dir='ltr'>ll.</span> 
     </span>
    </p>
   </div>
   <div class='ocr_carea' id='block_1_7' title="bbox 340 648 1195 2478">
    <p class='ocr_par' dir='ltr' id='par_1_7' title="bbox 340 648 1194 2057">
     <span class='ocr_line' id='line_1_17' title="bbox 421 648 1192 688; baseline -0.006 -7"><span class='ocrx_word' id='word_1_100' title='bbox 421 652 509 688; x_wconf 89' lang='lat' dir='ltr'>(Vers.</span> <span class='ocrx_word' id='word_1_101' title='bbox 534 651 578 686; x_wconf 86' lang='lat'>1.).</span> <span class='ocrx_word' id='word_1_102' title='bbox 604 650 674 679; x_wconf 66' lang='lat' dir='ltr'>Dixi</span> <span class='ocrx_word' id='word_1_103' title='bbox 697 658 747 687; x_wconf 68' lang='lat' dir='ltr'>eqo</span> <span class='ocrx_word' id='word_1_104' title='bbox 769 649 800 678; x_wconf 79' lang='lat' dir='ltr'>in</span> <span class='ocrx_word' id='word_1_105' title='bbox 821 649 907 678; x_wconf 78' lang='lat' dir='ltr'>eorde</span> <span class='ocrx_word' id='word_1_106' title='bbox 927 657 988 677; x_wconf 80' lang='lat' dir='ltr'>meo</span> <span class='ocrx_word' id='word_1_107' title='bbox 1014 651 1065 677; x_wconf 88' lang='lat' dir='ltr'>etc.</span> <span class='ocrx_word' id='word_1_108' title='bbox 1094 648 1192 685; x_wconf 81' lang='lat' dir='ltr'>Tangi-</span> 
     </span>
     <span class='ocr_line' id='line_1_18' title="bbox 341 695 1192 734; baseline -0.007 -5"><span class='ocrx_word' id='word_1_109' title='bbox 341 702 388 729; x_wconf 92' lang='lat' dir='ltr'>tur</span> <span class='ocrx_word' id='word_1_110' title='bbox 408 699 453 728; x_wconf 87' lang='lat' dir='ltr'>hic</span> <span class='ocrx_word' id='word_1_111' title='bbox 474 698 604 732; x_wconf 82' lang='lat' dir='ltr'>tertium,</span> <span class='ocrx_word' id='word_1_112' title='bbox 626 697 730 726; x_wconf 85' lang='lat' dir='ltr'>scilicet</span> <span class='ocrx_word' id='word_1_113' title='bbox 751 699 864 734; x_wconf 90' lang='lat' dir='ltr'>propter</span> <span class='ocrx_word' id='word_1_114' title='bbox 885 695 1111 725; x_wconf 83' lang='lat' dir='ltr'>considerationis</span> <span class='ocrx_word' id='word_1_115' title='bbox 1136 698 1192 724; x_wconf 85' lang='lat' dir='ltr'>tae-</span> 
     </span>
     <span class='ocr_line' id='line_1_19' title="bbox 340 741 1192 779; baseline -0.008 -3"><span class='ocrx_word' id='word_1_116' title='bbox 340 747 417 776; x_wconf 88' lang='lat' dir='ltr'>dium</span> <span class='ocrx_word' id='word_1_117' title='bbox 439 745 587 775; x_wconf 71' lang='lat' dir='ltr'>cmwersio</span> <span class='ocrx_word' id='word_1_118' title='bbox 602 744 642 773; x_wconf 79' lang='lat' dir='ltr'>ad</span> <span class='ocrx_word' id='word_1_119' title='bbox 664 743 885 772; x_wconf 67' lang='lat' dir='ltr'>delectatiorwm.</span> <span class='ocrx_word' id='word_1_120' title='bbox 901 742 971 779; x_wconf 82' lang='lat' dir='ltr'>Quia</span> <span class='ocrx_word' id='word_1_121' title='bbox 989 742 1062 771; x_wconf 91' lang='lat' dir='ltr'>enim</span> <span class='ocrx_word' id='word_1_122' title='bbox 1085 741 1112 770; x_wconf 94' lang='lat' dir='ltr'>in</span> <span class='ocrx_word' id='word_1_123' title='bbox 1127 749 1192 770; x_wconf 91' lang='lat' dir='ltr'>con-</span> 
     </span>
     <span class='ocr_line' id='line_1_20' title="bbox 341 789 1192 826; baseline -0.007 -3"><span class='ocrx_word' id='word_1_124' title='bbox 341 793 486 823; x_wconf 90' lang='lat' dir='ltr'>siderando</span> <span class='ocrx_word' id='word_1_125' title='bbox 506 795 566 821; x_wconf 84' lang='lat' dir='ltr'>crat</span> <span class='ocrx_word' id='word_1_126' title='bbox 588 792 665 820; x_wconf 87' lang='lat' dir='ltr'>labor</span> <span class='ocrx_word' id='word_1_127' title='bbox 693 794 720 820; x_wconf 91' lang='lat' dir='ltr'>et</span> <span class='ocrx_word' id='word_1_128' title='bbox 741 790 868 823; x_wconf 87' lang='lat' dir='ltr'>afflictio,</span> <span class='ocrx_word' id='word_1_129' title='bbox 901 789 961 818; x_wconf 88' lang='lat' dir='ltr'>ideo</span> <span class='ocrx_word' id='word_1_130' title='bbox 982 789 1112 826; x_wconf 82' lang='lat' dir='ltr'>cogitavit</span> <span class='ocrx_word' id='word_1_131' title='bbox 1139 789 1192 818; x_wconf 88' lang='lat' dir='ltr'>hoc</span> 
     </span>
     <span class='ocr_line' id='line_1_21' title="bbox 342 836 1192 878; baseline -0.007 -8"><span class='ocrx_word' id='word_1_132' title='bbox 342 841 499 878; x_wconf 84' lang='lat' dir='ltr'>relinquere</span> <span class='ocrx_word' id='word_1_133' title='bbox 528 842 555 868; x_wconf 84' lang='lat' dir='ltr'>et</span> <span class='ocrx_word' id='word_1_134' title='bbox 583 841 745 868; x_wconf 87' lang='lat' dir='ltr'>convertere</span> <span class='ocrx_word' id='word_1_135' title='bbox 767 845 795 866; x_wconf 91' lang='lat' dir='ltr'>se</span> <span class='ocrx_word' id='word_1_136' title='bbox 826 836 861 865; x_wconf 88' lang='lat' dir='ltr'>ad</span> <span class='ocrx_word' id='word_1_137' title='bbox 881 836 1008 870; x_wconf 83' lang='lat' dir='ltr'>delicias,</span> <span class='ocrx_word' id='word_1_138' title='bbox 1040 836 1066 864; x_wconf 93' lang='lat' dir='ltr'>in</span> <span class='ocrx_word' id='word_1_139' title='bbox 1089 836 1192 873; x_wconf 87' lang='lat' dir='ltr'>quibus</span> 
     </span>
     <span class='ocr_line' id='line_1_22' title="bbox 342 883 1192 922; baseline -0.007 -5"><span class='ocrx_word' id='word_1_140' title='bbox 342 891 383 917; x_wconf 90' lang='lat' dir='ltr'>est</span> <span class='ocrx_word' id='word_1_141' title='bbox 396 886 548 916; x_wconf 85' lang='lat' dir='ltr'>delectatio.</span> <span class='ocrx_word' id='word_1_142' title='bbox 574 886 689 922; x_wconf 83' lang='lat' dir='ltr'>Propter</span> <span class='ocrx_word' id='word_1_143' title='bbox 704 884 778 922; x_wconf 91' lang='lat' dir='ltr'>quod</span> <span class='ocrx_word' id='word_1_144' title='bbox 798 884 876 913; x_wconf 89' lang='lat' dir='ltr'>dicit:</span> <span class='ocrx_word' id='word_1_145' title='bbox 904 883 973 912; x_wconf 65' lang='lat' dir='ltr'>Dixi</span> <span class='ocrx_word' id='word_1_146' title='bbox 990 892 1040 921; x_wconf 72' lang='lat' dir='ltr'>eqo</span> <span class='ocrx_word' id='word_1_147' title='bbox 1062 883 1093 912; x_wconf 79' lang='lat' dir='ltr'>in</span> <span class='ocrx_word' id='word_1_148' title='bbox 1107 883 1192 912; x_wconf 78' lang='lat' dir='ltr'>corde</span> 
     </span>
     <span class='ocr_line' id='line_1_23' title="bbox 342 930 1192 969; baseline -0.006 -5"><span class='ocrx_word' id='word_1_149' title='bbox 342 943 416 969; x_wconf 81' lang='lat' dir='ltr'>meo,</span> <span class='ocrx_word' id='word_1_150' title='bbox 439 934 465 963; x_wconf 87' lang='lat' dir='ltr'>id</span> <span class='ocrx_word' id='word_1_151' title='bbox 479 936 534 968; x_wconf 85' lang='lat' dir='ltr'>est,</span> <span class='ocrx_word' id='word_1_152' title='bbox 549 933 576 962; x_wconf 92' lang='lat' dir='ltr'>in</span> <span class='ocrx_word' id='word_1_153' title='bbox 598 933 669 961; x_wconf 89' lang='lat' dir='ltr'>hanc</span> <span class='ocrx_word' id='word_1_154' title='bbox 690 931 936 961; x_wconf 80' lang='lat' dir='ltr'>considerationem</span> <span class='ocrx_word' id='word_1_155' title='bbox 957 930 1054 960; x_wconf 91' lang='lat' dir='ltr'>deveni</span> <span class='ocrx_word' id='word_1_156' title='bbox 1077 933 1192 968; x_wconf 90' lang='lat' dir='ltr'>propter</span> 
     </span>
     <span class='ocr_line' id='line_1_24' title="bbox 341 978 1191 1019; baseline -0.006 -8"><span class='ocrx_word' id='word_1_157' title='bbox 341 981 513 1019; x_wconf 83' lang='lat' dir='ltr'>spiritualem</span> <span class='ocrx_word' id='word_1_158' title='bbox 528 980 555 1008; x_wconf 92' lang='lat' dir='ltr'>in</span> <span class='ocrx_word' id='word_1_159' title='bbox 572 979 769 1009; x_wconf 84' lang='lat' dir='ltr'>considerando</span> <span class='ocrx_word' id='word_1_160' title='bbox 783 978 967 1007; x_wconf 84' lang='lat' dir='ltr'>afflictionem.</span> <span class='ocrx_word' id='word_1_161' title='bbox 983 978 1059 1007; x_wconf 85' lang='lat' dir='ltr'>Unde</span> <span class='ocrx_word' id='word_1_162' title='bbox 1074 978 1191 1006; x_wconf 90' lang='lat' dir='ltr'>verbum</span> 
     </span>
     <span class='ocr_line' id='line_1_25' title="bbox 341 1025 1191 1063; baseline -0.005 -5"><span class='ocrx_word' id='word_1_163' title='bbox 341 1033 383 1059; x_wconf 89' lang='lat' dir='ltr'>est</span> <span class='ocrx_word' id='word_1_164' title='bbox 403 1031 430 1058; x_wconf 90' lang='lat' dir='ltr'>et</span> <span class='ocrx_word' id='word_1_165' title='bbox 444 1027 626 1057; x_wconf 83' lang='lat' dir='ltr'>consideratio</span> <span class='ocrx_word' id='word_1_166' title='bbox 647 1035 702 1055; x_wconf 89' lang='lat' dir='ltr'>non</span> <span class='ocrx_word' id='word_1_167' title='bbox 716 1025 882 1063; x_wconf 85' lang='lat' dir='ltr'>sapientiae,</span> <span class='ocrx_word' id='word_1_168' title='bbox 897 1025 945 1055; x_wconf 86' lang='lat' dir='ltr'>sed</span> <span class='ocrx_word' id='word_1_169' title='bbox 959 1025 1090 1059; x_wconf 84' lang='lat' dir='ltr'>accidiae,</span> <span class='ocrx_word' id='word_1_170' title='bbox 1106 1033 1191 1063; x_wconf 89' lang='lat' dir='ltr'>quae,</span> 
     </span>
     <span class='ocr_line' id='line_1_26' title="bbox 341 1072 1190 1112; baseline -0.006 -7"><span class='ocrx_word' id='word_1_171' title='bbox 341 1085 394 1106; x_wconf 92' lang='lat' dir='ltr'>non</span> <span class='ocrx_word' id='word_1_172' title='bbox 424 1075 566 1105; x_wconf 82' lang='lat' dir='ltr'>inveniens</span> <span class='ocrx_word' id='word_1_173' title='bbox 598 1074 719 1112; x_wconf 89' lang='lat' dir='ltr'>quietem</span> <span class='ocrx_word' id='word_1_174' title='bbox 751 1073 884 1107; x_wconf 88' lang='lat' dir='ltr'>interius,</span> <span class='ocrx_word' id='word_1_175' title='bbox 916 1072 1026 1110; x_wconf 90' lang='lat' dir='ltr'>quaerit</span> <span class='ocrx_word' id='word_1_176' title='bbox 1056 1072 1190 1101; x_wconf 84' lang='lat' dir='ltr'>exterius.</span> 
     </span>
     <span class='ocr_line' id='line_1_27' title="bbox 344 1119 1192 1161; baseline -0.006 -9"><span class='ocrx_word' id='word_1_177' title='bbox 344 1124 413 1153; x_wconf 70' lang='lat' dir='ltr'>Dm·</span> <span class='ocrx_word' id='word_1_178' title='bbox 434 1123 536 1161; x_wconf 80' lang='lat' dir='ltr'>igitur:</span> <span class='ocrx_word' id='word_1_179' title='bbox 567 1121 679 1150; x_wconf 81' lang='lat' dir='ltr'>Vadam</span> <span class='ocrx_word' id='word_1_180' title='bbox 707 1124 732 1149; x_wconf 81' lang='lat' dir='ltr'>et</span> <span class='ocrx_word' id='word_1_181' title='bbox 753 1120 881 1158; x_wconf 78' lang='lat' dir='ltr'>affluam</span> <span class='ocrx_word' id='word_1_182' title='bbox 913 1119 1024 1148; x_wconf 70' lang='lat' dir='ltr'>deliciis</span> <span class='ocrx_word' id='word_1_183' title='bbox 1048 1123 1072 1148; x_wconf 83' lang='lat' dir='ltr'>et</span> <span class='ocrx_word' id='word_1_184' title='bbox 1099 1119 1192 1157; x_wconf 70' lang='lat' dir='ltr'>fruar</span> 
     </span>
     <span class='ocr_line' id='line_1_28' title="bbox 342 1166 1191 1203; baseline -0.006 -3"><span class='ocrx_word' id='word_1_185' title='bbox 342 1171 431 1200; x_wconf 69' lang='lat' dir='ltr'>bonis.</span> <span class='ocrx_word' id='word_1_186' title='bbox 460 1170 589 1203; x_wconf 78' lang='lat' dir='ltr'>Vadam,</span> <span class='ocrx_word' id='word_1_187' title='bbox 611 1177 627 1197; x_wconf 85' lang='lat' dir='ltr'>a</span> <span class='ocrx_word' id='word_1_188' title='bbox 652 1168 723 1197; x_wconf 92' lang='lat' dir='ltr'>bono</span> <span class='ocrx_word' id='word_1_189' title='bbox 744 1175 811 1196; x_wconf 86' lang='lat' dir='ltr'>vero</span> <span class='ocrx_word' id='word_1_190' title='bbox 840 1166 1005 1201; x_wconf 88' lang='lat' dir='ltr'>recedendo;</span> <span class='ocrx_word' id='word_1_191' title='bbox 1028 1166 1191 1195; x_wconf 78' lang='lat' dir='ltr'>Psannus2:</span> 
     </span>
     <span class='ocr_line' id='line_1_29' title="bbox 341 1213 1191 1253; baseline -0.007 -5"><span class='ocrx_word' id='word_1_192' title='bbox 341 1219 425 1248; x_wconf 86' lang='lat' dir='ltr'>Homo</span> <span class='ocrx_word' id='word_1_193' title='bbox 446 1218 536 1247; x_wconf 80' lang='lat' dir='ltr'>sactus</span> <span class='ocrx_word' id='word_1_194' title='bbox 556 1220 598 1245; x_wconf 87' lang='lat' dir='ltr'>est</span> <span class='ocrx_word' id='word_1_195' title='bbox 615 1228 637 1248; x_wconf 71' lang='grc' dir='ltr'>,α</span> <span class='ocrx_word' id='word_1_196' title='bbox 652 1215 768 1253; x_wconf 85' lang='lat' dir='ltr'>spiritus</span> <span class='ocrx_word' id='word_1_197' title='bbox 789 1214 891 1243; x_wconf 85' lang='lat' dir='ltr'>vadens</span> <span class='ocrx_word' id='word_1_198' title='bbox 909 1217 936 1243; x_wconf 87' lang='lat' dir='ltr'>et</span> <span class='ocrx_word' id='word_1_199' title='bbox 958 1222 1012 1242; x_wconf 92' lang='lat' dir='ltr'>non</span> <span class='ocrx_word' id='word_1_200' title='bbox 1041 1213 1150 1242; x_wconf 90' lang='lat' dir='ltr'>rediens</span> <span class='ocrx_word' id='word_1_201' title='bbox 1164 1225 1191 1241; x_wconf 83' lang='lat'>».</span> 
     </span>
     <span class='ocr_line' id='line_1_30' title="bbox 341 1260 1193 1304; baseline -0.009 -8"><span class='ocrx_word' id='word_1_202' title='bbox 341 1266 472 1304; x_wconf 76' lang='lat' dir='ltr'>Afflttam</span> <span class='ocrx_word' id='word_1_203' title='bbox 495 1264 621 1297; x_wconf 73' lang='lat' dir='ltr'>deliciis,</span> <span class='ocrx_word' id='word_1_204' title='bbox 643 1265 780 1301; x_wconf 90' lang='lat' dir='ltr'>quantum</span> <span class='ocrx_word' id='word_1_205' title='bbox 801 1261 834 1290; x_wconf 90' lang='lat' dir='ltr'>ad</span> <span class='ocrx_word' id='word_1_206' title='bbox 857 1260 1061 1290; x_wconf 80' lang='lat' dir='ltr'>multitudinem</span> <span class='ocrx_word' id='word_1_207' title='bbox 1083 1260 1193 1289; x_wconf 86' lang='lat' dir='ltr'>delicia-</span> 
     </span>
     <span class='ocr_line' id='line_1_31' title="bbox 341 1307 1193 1347; baseline -0.009 -4"><span class='ocrx_word' id='word_1_208' title='bbox 341 1322 420 1347; x_wconf 87' lang='lat' dir='ltr'>rum,</span> <span class='ocrx_word' id='word_1_209' title='bbox 449 1312 553 1342; x_wconf 87' lang='lat' dir='ltr'>scilicet</span> <span class='ocrx_word' id='word_1_210' title='bbox 580 1310 738 1340; x_wconf 87' lang='lat' dir='ltr'>carnalibus</span> <span class='ocrx_word' id='word_1_211' title='bbox 766 1312 863 1338; x_wconf 87' lang='lat' dir='ltr'>contra</span> <span class='ocrx_word' id='word_1_212' title='bbox 890 1308 1063 1345; x_wconf 74' lang='lat' dir='ltr'>spirituales,</span> <span class='ocrx_word' id='word_1_213' title='bbox 1089 1307 1193 1336; x_wconf 84' lang='lat' dir='ltr'>Cantici</span> 
     </span>
     <span class='ocr_line' id='line_1_32' title="bbox 341 1354 1193 1398; baseline -0.009 -8"><span class='ocrx_word' id='word_1_214' title='bbox 341 1361 480 1398; x_wconf 89' lang='lat' dir='ltr'>septimo:</span> <span class='ocrx_word' id='word_1_215' title='bbox 514 1371 527 1384; x_wconf 68' lang='grc' dir='ltr'><strong>κ</strong></span> <span class='ocrx_word' id='word_1_216' title='bbox 552 1359 640 1395; x_wconf 85' lang='lat' dir='ltr'>Quam</span> <span class='ocrx_word' id='word_1_217' title='bbox 673 1357 770 1394; x_wconf 88' lang='lat' dir='ltr'>pulcra</span> <span class='ocrx_word' id='word_1_218' title='bbox 801 1364 846 1390; x_wconf 92' lang='lat' dir='ltr'>es,</span> <span class='ocrx_word' id='word_1_219' title='bbox 878 1355 1035 1388; x_wconf 84' lang='lat' dir='ltr'>carissima,</span> <span class='ocrx_word' id='word_1_220' title='bbox 1067 1355 1095 1383; x_wconf 93' lang='lat' dir='ltr'>in</span> <span class='ocrx_word' id='word_1_221' title='bbox 1126 1354 1193 1383; x_wconf 90' lang='lat' dir='ltr'>deli-</span> 
     </span>
     <span class='ocr_line' id='line_1_33' title="bbox 340 1401 1193 1438; baseline -0.009 -1"><span class='ocrx_word' id='word_1_222' title='bbox 340 1407 431 1437; x_wconf 82' lang='lat' dir='ltr'>ciis».</span> <span class='ocrx_word' id='word_1_223' title='bbox 460 1406 498 1435; x_wconf 77' lang='lat' dir='ltr'>Ab</span> <span class='ocrx_word' id='word_1_224' title='bbox 527 1405 570 1434; x_wconf 89' lang='lat' dir='ltr'>his</span> <span class='ocrx_word' id='word_1_225' title='bbox 592 1404 704 1433; x_wconf 82' lang='lat' dir='ltr'>recessit</span> <span class='ocrx_word' id='word_1_226' title='bbox 732 1403 765 1432; x_wconf 87' lang='lat' dir='ltr'>ad</span> <span class='ocrx_word' id='word_1_227' title='bbox 786 1402 926 1437; x_wconf 85' lang='lat' dir='ltr'>carnales;</span> <span class='ocrx_word' id='word_1_228' title='bbox 956 1401 1039 1430; x_wconf 80' lang='lat' dir='ltr'>isaiae</span> <span class='ocrx_word' id='word_1_229' title='bbox 1061 1401 1193 1438; x_wconf 84' lang='lat' dir='ltr'>vigesimo</span> 
     </span>
     <span class='ocr_line' id='line_1_34' title="bbox 340 1449 1193 1486; baseline -0.009 -2"><span class='ocrx_word' id='word_1_230' title='bbox 340 1453 483 1484; x_wconf 87' lang='lat' dir='ltr'>secundo:</span> <span class='ocrx_word' id='word_1_231' title='bbox 520 1465 533 1477; x_wconf 74' lang='grc' dir='ltr'>α</span> <span class='ocrx_word' id='word_1_232' title='bbox 556 1451 669 1481; x_wconf 76' lang='lat' dir='ltr'>Vocavit</span> <span class='ocrx_word' id='word_1_233' title='bbox 700 1450 834 1479; x_wconf 88' lang='lat' dir='ltr'>Dominus</span> <span class='ocrx_word' id='word_1_234' title='bbox 865 1449 898 1478; x_wconf 90' lang='lat' dir='ltr'>ad</span> <span class='ocrx_word' id='word_1_235' title='bbox 930 1449 1026 1478; x_wconf 83' lang='lat' dir='ltr'>fletum</span> <span class='ocrx_word' id='word_1_236' title='bbox 1059 1452 1086 1478; x_wconf 93' lang='lat' dir='ltr'>et</span> <span class='ocrx_word' id='word_1_237' title='bbox 1116 1449 1193 1486; x_wconf 87' lang='lat' dir='ltr'>plan-</span> 
     </span>
     <span class='ocr_line' id='line_1_35' title="bbox 340 1496 1193 1537; baseline -0.008 -6"><span class='ocrx_word' id='word_1_238' title='bbox 340 1505 417 1531; x_wconf 85' lang='lat' dir='ltr'>ctum</span> <span class='ocrx_word' id='word_1_239' title='bbox 432 1513 445 1526; x_wconf 93' lang='lat'>»</span> <span class='ocrx_word' id='word_1_240' title='bbox 465 1504 532 1534; x_wconf 67' lang='lat' dir='ltr'>etc,</span> <span class='ocrx_word' id='word_1_241' title='bbox 548 1502 575 1528; x_wconf 93' lang='lat' dir='ltr'>et</span> <span class='ocrx_word' id='word_1_242' title='bbox 589 1502 665 1537; x_wconf 87' lang='lat' dir='ltr'>post:</span> <span class='ocrx_word' id='word_1_243' title='bbox 686 1510 699 1523; x_wconf 91' lang='lat'>«</span> <span class='ocrx_word' id='word_1_244' title='bbox 715 1498 781 1527; x_wconf 84' lang='lat' dir='ltr'>Ecce</span> <span class='ocrx_word' id='word_1_245' title='bbox 796 1497 928 1535; x_wconf 82' lang='lat' dir='ltr'>gaudium</span> <span class='ocrx_word' id='word_1_246' title='bbox 943 1500 970 1526; x_wconf 91' lang='lat' dir='ltr'>et</span> <span class='ocrx_word' id='word_1_247' title='bbox 988 1496 1091 1525; x_wconf 88' lang='lat' dir='ltr'>laetitia</span> <span class='ocrx_word' id='word_1_248' title='bbox 1112 1496 1193 1534; x_wconf 84' lang='lat' dir='ltr'>iugu-</span> 
     </span>
     <span class='ocr_line' id='line_1_36' title="bbox 341 1543 1193 1583; baseline -0.007 -5"><span class='ocrx_word' id='word_1_249' title='bbox 341 1549 398 1578; x_wconf 87' lang='lat' dir='ltr'>lare</span> <span class='ocrx_word' id='word_1_250' title='bbox 425 1548 526 1577; x_wconf 85' lang='lat' dir='ltr'>arietes</span> <span class='ocrx_word' id='word_1_251' title='bbox 547 1559 560 1572; x_wconf 88' lang='lat'>»</span> <span class='ocrx_word' id='word_1_252' title='bbox 591 1550 642 1575; x_wconf 87' lang='lat' dir='ltr'>etc.</span> <span class='ocrx_word' id='word_1_253' title='bbox 676 1546 710 1574; x_wconf 78' lang='lat' dir='ltr'>Et</span> <span class='ocrx_word' id='word_1_254' title='bbox 740 1544 834 1583; x_wconf 74' lang='lat' dir='ltr'>fruar</span> <span class='ocrx_word' id='word_1_255' title='bbox 865 1544 963 1579; x_wconf 67' lang='lat' dir='ltr'>bonis,</span> <span class='ocrx_word' id='word_1_256' title='bbox 993 1547 1128 1581; x_wconf 88' lang='lat' dir='ltr'>quantum</span> <span class='ocrx_word' id='word_1_257' title='bbox 1159 1543 1193 1573; x_wconf 80' lang='lat' dir='ltr'>ad</span> 
     </span>
     <span class='ocr_line' id='line_1_37' title="bbox 340 1591 1193 1634; baseline -0.007 -9"><span class='ocrx_word' id='word_1_258' title='bbox 340 1596 478 1634; x_wconf 89' lang='lat' dir='ltr'>quietem;</span> <span class='ocrx_word' id='word_1_259' title='bbox 500 1603 532 1623; x_wconf 89' lang='lat' dir='ltr'>eo</span> <span class='ocrx_word' id='word_1_260' title='bbox 554 1594 627 1623; x_wconf 90' lang='lat' dir='ltr'>enim</span> <span class='ocrx_word' id='word_1_261' title='bbox 649 1593 753 1622; x_wconf 81' lang='lat' dir='ltr'>fruitur</span> <span class='ocrx_word' id='word_1_262' title='bbox 774 1592 853 1629; x_wconf 92' lang='lat' dir='ltr'>quis,</span> <span class='ocrx_word' id='word_1_263' title='bbox 876 1592 902 1620; x_wconf 90' lang='lat' dir='ltr'>in</span> <span class='ocrx_word' id='word_1_264' title='bbox 924 1600 980 1629; x_wconf 92' lang='lat' dir='ltr'>quo</span> <span class='ocrx_word' id='word_1_265' title='bbox 1008 1591 1126 1629; x_wconf 87' lang='lat' dir='ltr'>quiescit</span> <span class='ocrx_word' id='word_1_266' title='bbox 1145 1600 1193 1628; x_wconf 89' lang='lat' dir='ltr'>ap-</span> 
     </span>
     <span class='ocr_line' id='line_1_38' title="bbox 342 1638 1192 1681; baseline -0.008 -8"><span class='ocrx_word' id='word_1_267' title='bbox 342 1643 460 1681; x_wconf 77' lang='lat' dir='ltr'>petitus:</span> <span class='ocrx_word' id='word_1_268' title='bbox 476 1641 630 1679; x_wconf 79' lang='lat' dir='ltr'>Sapientiae</span> <span class='ocrx_word' id='word_1_269' title='bbox 645 1640 781 1669; x_wconf 85' lang='lat' dir='ltr'>secundo:</span> <span class='ocrx_word' id='word_1_270' title='bbox 803 1651 816 1664; x_wconf 92' lang='lat'>«</span> <span class='ocrx_word' id='word_1_271' title='bbox 830 1639 941 1673; x_wconf 77' lang='lat' dir='ltr'>Venite,</span> <span class='ocrx_word' id='word_1_272' title='bbox 955 1639 1084 1667; x_wconf 82' lang='lat' dir='ltr'>fruamur</span> <span class='ocrx_word' id='word_1_273' title='bbox 1097 1638 1192 1673; x_wconf 88' lang='lat' dir='ltr'>bonis,</span> 
     </span>
     <span class='ocr_line' id='line_1_39' title="bbox 341 1686 1193 1729; baseline -0.008 -9"><span class='ocrx_word' id='word_1_274' title='bbox 341 1699 412 1728; x_wconf 88' lang='lat' dir='ltr'>quae</span> <span class='ocrx_word' id='word_1_275' title='bbox 434 1693 514 1723; x_wconf 89' lang='lat' dir='ltr'>sunt,</span> <span class='ocrx_word' id='word_1_276' title='bbox 537 1692 563 1718; x_wconf 87' lang='lat' dir='ltr'>et</span> <span class='ocrx_word' id='word_1_277' title='bbox 586 1692 698 1717; x_wconf 88' lang='lat' dir='ltr'>utamur</span> <span class='ocrx_word' id='word_1_278' title='bbox 727 1690 856 1716; x_wconf 82' lang='lat' dir='ltr'>creatura</span> <span class='ocrx_word' id='word_1_279' title='bbox 884 1689 1015 1724; x_wconf 84' lang='lat' dir='ltr'>tanquam</span> <span class='ocrx_word' id='word_1_280' title='bbox 1041 1686 1069 1729; x_wconf 80' lang='lat' dir='ltr'>in</span> <span class='ocrx_word' id='word_1_281' title='bbox 1096 1686 1193 1715; x_wconf 88' lang='lat' dir='ltr'>iuven&#39;-</span> 
     </span>
     <span class='ocr_line' id='line_1_40' title="bbox 341 1734 1193 1771; baseline -0.007 -4"><span class='ocrx_word' id='word_1_282' title='bbox 341 1741 400 1767; x_wconf 88' lang='lat' dir='ltr'>tute</span> <span class='ocrx_word' id='word_1_283' title='bbox 431 1737 558 1766; x_wconf 90' lang='lat' dir='ltr'>celeriter</span> <span class='ocrx_word' id='word_1_284' title='bbox 573 1747 605 1770; x_wconf 75' lang='grc'>»;</span> <span class='ocrx_word' id='word_1_285' title='bbox 628 1739 655 1765; x_wconf 92' lang='lat' dir='ltr'>et</span> <span class='ocrx_word' id='word_1_286' title='bbox 677 1735 890 1764; x_wconf 91' lang='lat' dir='ltr'>Proverbiorum</span> <span class='ocrx_word' id='word_1_287' title='bbox 919 1734 1053 1771; x_wconf 86' lang='lat' dir='ltr'>septimo:</span> <span class='ocrx_word' id='word_1_288' title='bbox 1081 1746 1094 1759; x_wconf 86' lang='lat'>«</span> <span class='ocrx_word' id='word_1_289' title='bbox 1109 1734 1193 1769; x_wconf 89' lang='lat' dir='ltr'>Veni,</span> 
     </span>
     <span class='ocr_line' id='line_1_41' title="bbox 342 1780 1193 1820; baseline -0.006 -7"><span class='ocrx_word' id='word_1_290' title='bbox 342 1785 469 1814; x_wconf 86' lang='lat' dir='ltr'>fruamur</span> <span class='ocrx_word' id='word_1_291' title='bbox 485 1783 586 1820; x_wconf 89' lang='lat' dir='ltr'>cupitis</span> <span class='ocrx_word' id='word_1_292' title='bbox 600 1781 814 1819; x_wconf 87' lang='lat' dir='ltr'>amplexibus».</span> <span class='ocrx_word' id='word_1_293' title='bbox 830 1781 883 1810; x_wconf 86' lang='lat' dir='ltr'>Sed</span> <span class='ocrx_word' id='word_1_294' title='bbox 900 1780 967 1818; x_wconf 88' lang='lat' dir='ltr'>quia</span> <span class='ocrx_word' id='word_1_295' title='bbox 981 1781 1049 1809; x_wconf 88' lang='lat' dir='ltr'>haec</span> <span class='ocrx_word' id='word_1_296' title='bbox 1070 1780 1193 1809; x_wconf 90' lang='lat' dir='ltr'>conside-</span> 
     </span>
     <span class='ocr_line' id='line_1_42' title="bbox 342 1827 1193 1866; baseline -0.005 -6"><span class='ocrx_word' id='word_1_297' title='bbox 342 1831 412 1860; x_wconf 86' lang='lat' dir='ltr'>ratio</span> <span class='ocrx_word' id='word_1_298' title='bbox 433 1833 493 1860; x_wconf 90' lang='lat' dir='ltr'>erat</span> <span class='ocrx_word' id='word_1_299' title='bbox 524 1829 669 1866; x_wconf 89' lang='lat' dir='ltr'>culpabilis</span> <span class='ocrx_word' id='word_1_300' title='bbox 691 1831 718 1857; x_wconf 88' lang='lat' dir='ltr'>et</span> <span class='ocrx_word' id='word_1_301' title='bbox 750 1827 991 1865; x_wconf 89' lang='lat' dir='ltr'>reprehensibilis,</span> <span class='ocrx_word' id='word_1_302' title='bbox 1013 1827 1074 1857; x_wconf 90' lang='lat' dir='ltr'>ideo</span> <span class='ocrx_word' id='word_1_303' title='bbox 1094 1830 1193 1857; x_wconf 90' lang='lat' dir='ltr'>semet-</span> 
     </span>
     <span class='ocr_line' id='line_1_43' title="bbox 342 1874 1194 1916; baseline -0.007 -8"><span class='ocrx_word' id='word_1_304' title='bbox 342 1879 432 1916; x_wconf 89' lang='lat' dir='ltr'>ipsum</span> <span class='ocrx_word' id='word_1_305' title='bbox 461 1877 619 1914; x_wconf 77' lang='lat' dir='ltr'>redarguit,</span> <span class='ocrx_word' id='word_1_306' title='bbox 648 1876 713 1913; x_wconf 88' lang='lat' dir='ltr'>quia</span> <span class='ocrx_word' id='word_1_307' title='bbox 740 1874 884 1904; x_wconf 88' lang='lat' dir='ltr'>delectatio</span> <span class='ocrx_word' id='word_1_308' title='bbox 912 1882 1043 1911; x_wconf 86' lang='lat' dir='ltr'>praesens</span> <span class='ocrx_word' id='word_1_309' title='bbox 1070 1882 1124 1903; x_wconf 91' lang='lat' dir='ltr'>non</span> <span class='ocrx_word' id='word_1_310' title='bbox 1152 1877 1194 1903; x_wconf 88' lang='lat' dir='ltr'>est</span> 
     </span>
     <span class='ocr_line' id='line_1_44' title="bbox 341 1921 1193 1959; baseline -0.007 -4"><span class='ocrx_word' id='word_1_311' title='bbox 341 1934 408 1955; x_wconf 88' lang='lat' dir='ltr'>vera</span> <span class='ocrx_word' id='word_1_312' title='bbox 428 1924 588 1957; x_wconf 84' lang='lat' dir='ltr'>delectatio,</span> <span class='ocrx_word' id='word_1_313' title='bbox 611 1923 658 1952; x_wconf 91' lang='lat' dir='ltr'>sed</span> <span class='ocrx_word' id='word_1_314' title='bbox 680 1922 817 1959; x_wconf 85' lang='lat' dir='ltr'>deceptio;</span> <span class='ocrx_word' id='word_1_315' title='bbox 839 1921 900 1950; x_wconf 91' lang='lat' dir='ltr'>ideo</span> <span class='ocrx_word' id='word_1_316' title='bbox 921 1921 1029 1950; x_wconf 87' lang='lat' dir='ltr'>subdit:</span> <span class='ocrx_word' id='word_1_317' title='bbox 1053 1922 1089 1949; x_wconf 83' lang='lat' dir='ltr'>Et</span> <span class='ocrx_word' id='word_1_318' title='bbox 1115 1921 1193 1955; x_wconf 77' lang='lat' dir='ltr'>vidi,</span> 
     </span>
     <span class='ocr_line' id='line_1_45' title="bbox 341 1968 1194 2011; baseline -0.007 -10"><span class='ocrx_word' id='word_1_319' title='bbox 341 1972 418 2011; x_wconf 77' lang='lat' dir='ltr'>qaod</span> <span class='ocrx_word' id='word_1_320' title='bbox 439 1971 491 2000; x_wconf 74' lang='lat' dir='ltr'>hoc</span> <span class='ocrx_word' id='word_1_321' title='bbox 512 1979 623 2010; x_wconf 76' lang='lat' dir='ltr'>qaoque</span> <span class='ocrx_word' id='word_1_322' title='bbox 644 1973 715 1999; x_wconf 72' lang='lat' dir='ltr'>esset</span> <span class='ocrx_word' id='word_1_323' title='bbox 735 1969 872 2001; x_wconf 51' lang='lat' dir='ltr'>vanitaae</span> <span class='ocrx_word' id='word_1_324' title='bbox 897 1976 929 1997; x_wconf 91' lang='lat' dir='ltr'>eo</span> <span class='ocrx_word' id='word_1_325' title='bbox 951 1968 1026 2005; x_wconf 91' lang='lat' dir='ltr'>quod</span> <span class='ocrx_word' id='word_1_326' title='bbox 1054 1976 1108 1996; x_wconf 91' lang='lat' dir='ltr'>non</span> <span class='ocrx_word' id='word_1_327' title='bbox 1126 1976 1194 2005; x_wconf 78' lang='lat' dir='ltr'>per-</span> 
     </span>
     <span class='ocr_line' id='line_1_46' title="bbox 342 2015 1037 2057; baseline -0.009 -8"><span class='ocrx_word' id='word_1_328' title='bbox 342 2023 438 2049; x_wconf 79' lang='lat' dir='ltr'>manet</span> <span class='ocrx_word' id='word_1_329' title='bbox 459 2027 549 2057; x_wconf 89' lang='lat' dir='ltr'>neque</span> <span class='ocrx_word' id='word_1_330' title='bbox 573 2018 676 2051; x_wconf 85' lang='lat' dir='ltr'>reficit,</span> <span class='ocrx_word' id='word_1_331' title='bbox 699 2017 746 2047; x_wconf 89' lang='lat' dir='ltr'>sed</span> <span class='ocrx_word' id='word_1_332' title='bbox 767 2016 860 2045; x_wconf 83' lang='lat' dir='ltr'>deficit</span> <span class='ocrx_word' id='word_1_333' title='bbox 880 2019 907 2045; x_wconf 87' lang='lat' dir='ltr'>et</span> <span class='ocrx_word' id='word_1_334' title='bbox 928 2015 1037 2053; x_wconf 86' lang='lat' dir='ltr'>decipit.</span> 
     </span>
    </p>

    <p class='ocr_par' dir='ltr' id='par_1_8' title="bbox 341 2062 1195 2478">
     <span class='ocr_line' id='line_1_47' title="bbox 421 2062 1195 2103; baseline -0.008 -7"><span class='ocrx_word' id='word_1_335' title='bbox 421 2067 510 2103; x_wconf 87' lang='lat' dir='ltr'>(Vers.</span> <span class='ocrx_word' id='word_1_336' title='bbox 533 2066 581 2102; x_wconf 75' lang='grc'>2.).</span> <span class='ocrx_word' id='word_1_337' title='bbox 606 2066 720 2102; x_wconf 87' lang='lat' dir='ltr'>Propter</span> <span class='ocrx_word' id='word_1_338' title='bbox 742 2064 815 2101; x_wconf 91' lang='lat' dir='ltr'>quod</span> <span class='ocrx_word' id='word_1_339' title='bbox 831 2063 910 2092; x_wconf 88' lang='lat' dir='ltr'>dicit:</span> <span class='ocrx_word' id='word_1_340' title='bbox 934 2063 1037 2091; x_wconf 67' lang='lat' dir='ltr'>Risum</span> <span class='ocrx_word' id='word_1_341' title='bbox 1058 2062 1195 2100; x_wconf 75' lang='lat' dir='ltr'>reputavi</span> 
     </span>
     <span class='ocr_line' id='line_1_48' title="bbox 342 2109 1192 2150; baseline -0.006 -7"><span class='ocrx_word' id='word_1_342' title='bbox 342 2123 486 2148; x_wconf 79' lang='lat' dir='ltr'>errorem,</span> <span class='ocrx_word' id='word_1_343' title='bbox 501 2121 534 2142; x_wconf 90' lang='lat' dir='ltr'>eo</span> <span class='ocrx_word' id='word_1_344' title='bbox 549 2112 623 2150; x_wconf 89' lang='lat' dir='ltr'>quod</span> <span class='ocrx_word' id='word_1_345' title='bbox 639 2112 779 2141; x_wconf 90' lang='lat' dir='ltr'>hominem</span> <span class='ocrx_word' id='word_1_346' title='bbox 794 2111 922 2145; x_wconf 85' lang='lat' dir='ltr'>seducat;</span> <span class='ocrx_word' id='word_1_347' title='bbox 941 2113 966 2139; x_wconf 79' lang='lat' dir='ltr'>et</span> <span class='ocrx_word' id='word_1_348' title='bbox 984 2109 1097 2148; x_wconf 71' lang='lat' dir='ltr'>yaudz&#39;o</span> <span class='ocrx_word' id='word_1_349' title='bbox 1115 2109 1192 2138; x_wconf 70' lang='lat' dir='ltr'>dixi.-</span> 
     </span>
     <span class='ocr_line' id='line_1_49' title="bbox 341 2156 1194 2200; baseline -0.005 -11"><span class='ocrx_word' id='word_1_350' title='bbox 341 2161 412 2200; x_wconf 80' lang='lat' dir='ltr'>quz&#39;d</span> <span class='ocrx_word' id='word_1_351' title='bbox 442 2159 563 2197; x_wconf 75' lang='lat' dir='ltr'>frustra</span> <span class='ocrx_word' id='word_1_352' title='bbox 590 2158 755 2196; x_wconf 61' lang='lat' dir='ltr'>taciperts?</span> <span class='ocrx_word' id='word_1_353' title='bbox 784 2158 850 2195; x_wconf 90' lang='lat' dir='ltr'>quia</span> <span class='ocrx_word' id='word_1_354' title='bbox 880 2157 984 2187; x_wconf 89' lang='lat' dir='ltr'>scilicet</span> <span class='ocrx_word' id='word_1_355' title='bbox 1011 2165 1043 2185; x_wconf 93' lang='lat' dir='ltr'>eo</span> <span class='ocrx_word' id='word_1_356' title='bbox 1071 2156 1194 2194; x_wconf 85' lang='lat' dir='ltr'>gaudens</span> 
     </span>
     <span class='ocr_line' id='line_1_50' title="bbox 342 2204 1192 2245; baseline -0.006 -8"><span class='ocrx_word' id='word_1_357' title='bbox 342 2208 488 2245; x_wconf 79' lang='lat' dir='ltr'>decipitur.</span> <span class='ocrx_word' id='word_1_358' title='bbox 510 2206 599 2235; x_wconf 70' lang='lat' dir='ltr'>Risus</span> <span class='ocrx_word' id='word_1_359' title='bbox 619 2209 661 2235; x_wconf 88' lang='lat' dir='ltr'>est</span> <span class='ocrx_word' id='word_1_360' title='bbox 682 2205 822 2239; x_wconf 85' lang='lat' dir='ltr'>exterius,</span> <span class='ocrx_word' id='word_1_361' title='bbox 844 2208 872 2234; x_wconf 91' lang='lat' dir='ltr'>et</span> <span class='ocrx_word' id='word_1_362' title='bbox 891 2205 1038 2242; x_wconf 74' lang='lat' dir='ltr'>yaadz‘um</span> <span class='ocrx_word' id='word_1_363' title='bbox 1066 2204 1192 2233; x_wconf 89' lang='lat' dir='ltr'>interius.</span> 
     </span>
     <span class='ocr_line' id='line_1_51' title="bbox 343 2251 1192 2291; baseline -0.007 -7"><span class='ocrx_word' id='word_1_364' title='bbox 343 2255 431 2284; x_wconf 71' lang='lat' dir='ltr'>Risus</span> <span class='ocrx_word' id='word_1_365' title='bbox 452 2253 569 2291; x_wconf 87' lang='lat' dir='ltr'>decipit,</span> <span class='ocrx_word' id='word_1_366' title='bbox 591 2253 656 2290; x_wconf 91' lang='lat' dir='ltr'>quia</span> <span class='ocrx_word' id='word_1_367' title='bbox 677 2252 757 2281; x_wconf 79' lang='lat' dir='ltr'>offert</span> <span class='ocrx_word' id='word_1_368' title='bbox 778 2252 883 2280; x_wconf 92' lang='lat' dir='ltr'>bonum</span> <span class='ocrx_word' id='word_1_369' title='bbox 899 2254 926 2280; x_wconf 88' lang='lat' dir='ltr'>et</span> <span class='ocrx_word' id='word_1_370' title='bbox 947 2252 974 2279; x_wconf 94' lang='lat' dir='ltr'>in</span> <span class='ocrx_word' id='word_1_371' title='bbox 997 2251 1051 2279; x_wconf 86' lang='lat' dir='ltr'>fine</span> <span class='ocrx_word' id='word_1_372' title='bbox 1072 2251 1192 2285; x_wconf 88' lang='lat' dir='ltr'>malum;</span> 
     </span>
     <span class='ocr_line' id='line_1_52' title="bbox 344 2298 1193 2337; baseline -0.006 -6"><span class='ocrx_word' id='word_1_373' title='bbox 344 2301 557 2331; x_wconf 81' lang='lat' dir='ltr'>Proverbiorum</span> <span class='ocrx_word' id='word_1_374' title='bbox 572 2300 677 2329; x_wconf 92' lang='lat' dir='ltr'>decimo</span> <span class='ocrx_word' id='word_1_375' title='bbox 692 2301 793 2337; x_wconf 85' lang='lat' dir='ltr'>quarto</span> <span class='ocrx_word' id='word_1_376' title='bbox 804 2299 831 2326; x_wconf 78' lang='lat'>³:</span> <span class='ocrx_word' id='word_1_377' title='bbox 858 2310 872 2324; x_wconf 87' lang='lat'><strong><em>«</em></strong></span> <span class='ocrx_word' id='word_1_378' title='bbox 887 2298 967 2327; x_wconf 82' lang='lat' dir='ltr'>Risus</span> <span class='ocrx_word' id='word_1_379' title='bbox 981 2298 1075 2327; x_wconf 89' lang='lat' dir='ltr'>dolore</span> <span class='ocrx_word' id='word_1_380' title='bbox 1096 2298 1193 2326; x_wconf 90' lang='lat' dir='ltr'>misce-</span> 
     </span>
     <span class='ocr_line' id='line_1_53' title="bbox 343 2344 1193 2384; baseline -0.006 -6"><span class='ocrx_word' id='word_1_381' title='bbox 343 2350 428 2383; x_wconf 84' lang='lat' dir='ltr'>bitur,</span> <span class='ocrx_word' id='word_1_382' title='bbox 450 2351 477 2377; x_wconf 88' lang='lat' dir='ltr'>et</span> <span class='ocrx_word' id='word_1_383' title='bbox 498 2351 626 2377; x_wconf 81' lang='lat' dir='ltr'>extrema</span> <span class='ocrx_word' id='word_1_384' title='bbox 646 2347 738 2384; x_wconf 81' lang='lat' dir='ltr'>gaudii</span> <span class='ocrx_word' id='word_1_385' title='bbox 761 2347 853 2375; x_wconf 89' lang='lat' dir='ltr'>luctus</span> <span class='ocrx_word' id='word_1_386' title='bbox 873 2348 990 2383; x_wconf 90' lang='lat' dir='ltr'>occupat</span> <span class='ocrx_word' id='word_1_387' title='bbox 1001 2356 1034 2379; x_wconf 82' lang='lat'>»3</span> <span class='ocrx_word' id='word_1_388' title='bbox 1057 2347 1085 2374; x_wconf 90' lang='lat' dir='ltr'>et</span> <span class='ocrx_word' id='word_1_389' title='bbox 1105 2344 1193 2373; x_wconf 89' lang='lat' dir='ltr'>Iacobi</span> 
     </span>
     <span class='ocr_line' id='line_1_54' title="bbox 342 2391 1194 2434; baseline -0.006 -9"><span class='ocrx_word' id='word_1_390' title='bbox 342 2400 458 2434; x_wconf 87' lang='lat' dir='ltr'>quarto:</span> <span class='ocrx_word' id='word_1_391' title='bbox 485 2407 499 2421; x_wconf 75' lang='lat' dir='ltr'>&lt;r</span> <span class='ocrx_word' id='word_1_392' title='bbox 514 2395 594 2424; x_wconf 79' lang='lat' dir='ltr'>Risus</span> <span class='ocrx_word' id='word_1_393' title='bbox 615 2398 706 2423; x_wconf 84' lang='lat' dir='ltr'>vester</span> <span class='ocrx_word' id='word_1_394' title='bbox 721 2394 748 2422; x_wconf 93' lang='lat' dir='ltr'>in</span> <span class='ocrx_word' id='word_1_395' title='bbox 771 2394 877 2422; x_wconf 88' lang='lat' dir='ltr'>luctum</span> <span class='ocrx_word' id='word_1_396' title='bbox 892 2395 1072 2422; x_wconf 86' lang='lat' dir='ltr'>convertatur</span> <span class='ocrx_word' id='word_1_397' title='bbox 1086 2403 1113 2426; x_wconf 81' lang='lat'>»,</span> <span class='ocrx_word' id='word_1_398' title='bbox 1129 2391 1194 2429; x_wconf 91' lang='lat' dir='ltr'>quia</span> 
     </span>
     <span class='ocr_line' id='line_1_55' title="bbox 344 2439 1191 2478; baseline -0.006 -6"><span class='ocrx_word' id='word_1_399' title='bbox 344 2444 432 2472; x_wconf 84' lang='lat' dir='ltr'>Lucae</span> <span class='ocrx_word' id='word_1_400' title='bbox 446 2445 541 2472; x_wconf 81' lang='lat' dir='ltr'>sexto:</span> <span class='ocrx_word' id='word_1_401' title='bbox 562 2454 575 2467; x_wconf 77' lang='grc' dir='ltr'>α</span> <span class='ocrx_word' id='word_1_402' title='bbox 592 2442 645 2470; x_wconf 84' lang='lat' dir='ltr'>Vae</span> <span class='ocrx_word' id='word_1_403' title='bbox 667 2441 757 2475; x_wconf 88' lang='lat' dir='ltr'>vobis,</span> <span class='ocrx_word' id='word_1_404' title='bbox 772 2440 820 2478; x_wconf 92' lang='lat' dir='ltr'>qui</span> <span class='ocrx_word' id='word_1_405' title='bbox 843 2440 951 2474; x_wconf 82' lang='lat' dir='ltr'>ridetis,</span> <span class='ocrx_word' id='word_1_406' title='bbox 967 2439 1033 2477; x_wconf 89' lang='lat' dir='ltr'>quia</span> <span class='ocrx_word' id='word_1_407' title='bbox 1053 2439 1154 2468; x_wconf 82' lang='lat' dir='ltr'>flebitis</span> <span class='ocrx_word' id='word_1_408' title='bbox 1165 2451 1191 2467; x_wconf 86' lang='lat'>».</span> 
     </span>
    </p>
   </div>
   <div class='ocr_carea' id='block_1_8' title="bbox 1218 246 1225 1091">
    <p class='ocr_par' dir='ltr' id='par_1_9' title="bbox 1218 246 1225 1091">
     <span class='ocr_line' id='line_1_56' title="bbox 1218 246 1225 1091; baseline 0 0"><span class='ocrx_word' id='word_1_409' title='bbox 1218 246 1225 1091; x_wconf 95' lang='lat' dir='ltr'> </span> 
     </span>
    </p>
   </div>
   <div class='ocr_carea' id='block_1_9' title="bbox 1248 648 2103 1862">
    <p class='ocr_par' dir='ltr' id='par_1_10' title="bbox 1248 648 2101 921">
     <span class='ocr_line' id='line_1_57' title="bbox 1250 648 2101 686; baseline 0.004 -10"><span class='ocrx_word' id='word_1_410' title='bbox 1250 648 1301 677; x_wconf 87' lang='lat' dir='ltr'>lste</span> <span class='ocrx_word' id='word_1_411' title='bbox 1324 648 1397 677; x_wconf 86' lang='lat' dir='ltr'>risus</span> <span class='ocrx_word' id='word_1_412' title='bbox 1417 652 1458 677; x_wconf 88' lang='lat' dir='ltr'>est</span> <span class='ocrx_word' id='word_1_413' title='bbox 1481 649 1554 678; x_wconf 82' lang='lat' dir='ltr'>risus</span> <span class='ocrx_word' id='word_1_414' title='bbox 1576 649 1815 686; x_wconf 78' lang='lat' dir='ltr'>phreneticorum,</span> <span class='ocrx_word' id='word_1_415' title='bbox 1837 649 1903 686; x_wconf 89' lang='lat' dir='ltr'>quia</span> <span class='ocrx_word' id='word_1_416' title='bbox 1924 657 2059 679; x_wconf 86' lang='lat' dir='ltr'>erroneus</span> <span class='ocrx_word' id='word_1_417' title='bbox 2073 653 2101 679; x_wconf 90' lang='lat' dir='ltr'>et</span> 
     </span>
     <span class='ocr_line' id='line_1_58' title="bbox 1249 696 2100 734; baseline 0.002 -10"><span class='ocrx_word' id='word_1_418' title='bbox 1249 698 1467 725; x_wconf 86' lang='lat' dir='ltr'>momentaneus.</span> <span class='ocrx_word' id='word_1_419' title='bbox 1490 696 1621 725; x_wconf 85' lang='lat' dir='ltr'>Similiter</span> <span class='ocrx_word' id='word_1_420' title='bbox 1642 696 1724 725; x_wconf 89' lang='lat' dir='ltr'>etiam</span> <span class='ocrx_word' id='word_1_421' title='bbox 1744 696 1891 734; x_wconf 69' lang='lat' dir='ltr'>qauctz&#39;um</span> <span class='ocrx_word' id='word_1_422' title='bbox 1916 696 2033 726; x_wconf 89' lang='lat' dir='ltr'>interius</span> <span class='ocrx_word' id='word_1_423' title='bbox 2054 696 2100 726; x_wconf 87' lang='lat' dir='ltr'>de-</span> 
     </span>
     <span class='ocr_line' id='line_1_59' title="bbox 1249 742 2100 780; baseline 0.001 -9"><span class='ocrx_word' id='word_1_424' title='bbox 1249 742 1327 780; x_wconf 85' lang='lat' dir='ltr'>cipit;</span> <span class='ocrx_word' id='word_1_425' title='bbox 1351 743 1396 771; x_wconf 94' lang='lat' dir='ltr'>lob</span> <span class='ocrx_word' id='word_1_426' title='bbox 1418 743 1550 780; x_wconf 87' lang='lat' dir='ltr'>vigesimo</span> <span class='ocrx_word' id='word_1_427' title='bbox 1571 743 1696 780; x_wconf 73' lang='lat' dir='ltr'>prim0⁴¹z</span> <span class='ocrx_word' id='word_1_428' title='bbox 1724 755 1737 768; x_wconf 72' lang='grc' dir='ltr'><strong><em>α</em></strong></span> <span class='ocrx_word' id='word_1_429' title='bbox 1751 742 1877 772; x_wconf 76' lang='lat' dir='ltr'>Gaudent</span> <span class='ocrx_word' id='word_1_430' title='bbox 1891 743 1924 772; x_wconf 90' lang='lat' dir='ltr'>ad</span> <span class='ocrx_word' id='word_1_431' title='bbox 1946 751 2041 772; x_wconf 90' lang='lat' dir='ltr'>vocem</span> <span class='ocrx_word' id='word_1_432' title='bbox 2055 752 2100 772; x_wconf 92' lang='lat' dir='ltr'>or-</span> 
     </span>
     <span class='ocr_line' id='line_1_60' title="bbox 1248 789 2100 827; baseline 0.001 -10"><span class='ocrx_word' id='word_1_433' title='bbox 1248 789 1327 826; x_wconf 83' lang='lat' dir='ltr'>gani;</span> <span class='ocrx_word' id='word_1_434' title='bbox 1349 789 1456 818; x_wconf 88' lang='lat' dir='ltr'>ducunt</span> <span class='ocrx_word' id='word_1_435' title='bbox 1486 790 1514 819; x_wconf 93' lang='lat' dir='ltr'>in</span> <span class='ocrx_word' id='word_1_436' title='bbox 1540 790 1619 819; x_wconf 90' lang='lat' dir='ltr'>bonis</span> <span class='ocrx_word' id='word_1_437' title='bbox 1649 789 1707 819; x_wconf 82' lang='lat' dir='ltr'>dics</span> <span class='ocrx_word' id='word_1_438' title='bbox 1735 798 1800 818; x_wconf 89' lang='lat' dir='ltr'>suos</span> <span class='ocrx_word' id='word_1_439' title='bbox 1824 793 1851 818; x_wconf 89' lang='lat' dir='ltr'>et</span> <span class='ocrx_word' id='word_1_440' title='bbox 1879 789 1907 818; x_wconf 89' lang='lat' dir='ltr'>in</span> <span class='ocrx_word' id='word_1_441' title='bbox 1935 792 2039 827; x_wconf 90' lang='lat' dir='ltr'>puncto</span> <span class='ocrx_word' id='word_1_442' title='bbox 2066 789 2100 818; x_wconf 86' lang='lat' dir='ltr'>ad</span> 
     </span>
     <span class='ocr_line' id='line_1_61' title="bbox 1249 836 2101 874; baseline 0.001 -10"><span class='ocrx_word' id='word_1_443' title='bbox 1249 836 1357 865; x_wconf 82' lang='lat' dir='ltr'>inferna</span> <span class='ocrx_word' id='word_1_444' title='bbox 1383 836 1603 870; x_wconf 78' lang='lat' dir='ltr'>descendunt»;</span> <span class='ocrx_word' id='word_1_445' title='bbox 1626 840 1653 866; x_wconf 93' lang='lat' dir='ltr'>et</span> <span class='ocrx_word' id='word_1_446' title='bbox 1685 837 1730 865; x_wconf 90' lang='lat' dir='ltr'>Iob</span> <span class='ocrx_word' id='word_1_447' title='bbox 1761 836 1907 874; x_wconf 85' lang='lat' dir='ltr'>vigesimo:</span> <span class='ocrx_word' id='word_1_448' title='bbox 1935 836 2101 865; x_wconf 81' lang='lat' dir='ltr'>«Gaudium</span> 
     </span>
     <span class='ocr_line' id='line_1_62' title="bbox 1248 883 1730 921; baseline 0 -9"><span class='ocrx_word' id='word_1_449' title='bbox 1248 883 1409 921; x_wconf 85' lang='lat' dir='ltr'>hypocritae</span> <span class='ocrx_word' id='word_1_450' title='bbox 1429 883 1463 912; x_wconf 86' lang='lat' dir='ltr'>ad</span> <span class='ocrx_word' id='word_1_451' title='bbox 1485 883 1572 912; x_wconf 87' lang='lat' dir='ltr'>instar</span> <span class='ocrx_word' id='word_1_452' title='bbox 1593 883 1730 921; x_wconf 81' lang='lat' dir='ltr'>puncti».</span> 
     </span>
    </p>

    <p class='ocr_par' dir='ltr' id='par_1_11' title="bbox 1248 930 2103 1862">
     <span class='ocr_line' id='line_1_63' title="bbox 1328 930 2101 969; baseline 0 -9"><span class='ocrx_word' id='word_1_453' title='bbox 1328 931 1417 967; x_wconf 88' lang='lat' dir='ltr'>(Vers.</span> <span class='ocrx_word' id='word_1_454' title='bbox 1431 931 1478 967; x_wconf 82' lang='lat'>3.).</span> <span class='ocrx_word' id='word_1_455' title='bbox 1493 931 1625 969; x_wconf 71' lang='lat' dir='ltr'>Coyitavi</span> <span class='ocrx_word' id='word_1_456' title='bbox 1636 931 1667 960; x_wconf 79' lang='lat' dir='ltr'>in</span> <span class='ocrx_word' id='word_1_457' title='bbox 1678 931 1764 960; x_wconf 82' lang='lat' dir='ltr'>corde</span> <span class='ocrx_word' id='word_1_458' title='bbox 1775 940 1836 960; x_wconf 83' lang='lat' dir='ltr'>meo</span> <span class='ocrx_word' id='word_1_459' title='bbox 1847 933 1898 960; x_wconf 90' lang='lat' dir='ltr'>etc.</span> <span class='ocrx_word' id='word_1_460' title='bbox 1911 930 2044 968; x_wconf 81' lang='lat' dir='ltr'>Tangitur</span> <span class='ocrx_word' id='word_1_461' title='bbox 2056 930 2101 960; x_wconf 87' lang='lat' dir='ltr'>hic</span> 
     </span>
     <span class='ocr_line' id='line_1_64' title="bbox 1248 977 2100 1014; baseline 0.001 -9"><span class='ocrx_word' id='word_1_462' title='bbox 1248 980 1397 1014; x_wconf 90' lang='lat' dir='ltr'>quartum,</span> <span class='ocrx_word' id='word_1_463' title='bbox 1413 977 1516 1006; x_wconf 88' lang='lat' dir='ltr'>scilicet</span> <span class='ocrx_word' id='word_1_464' title='bbox 1537 978 1649 1006; x_wconf 79' lang='lat' dir='ltr'>reditus</span> <span class='ocrx_word' id='word_1_465' title='bbox 1662 978 1696 1007; x_wconf 89' lang='lat' dir='ltr'>ad</span> <span class='ocrx_word' id='word_1_466' title='bbox 1711 978 1821 1006; x_wconf 90' lang='lat' dir='ltr'>utilium</span> <span class='ocrx_word' id='word_1_467' title='bbox 1840 977 2100 1011; x_wconf 87' lang='lat' dir='ltr'>considerationem,</span> 
     </span>
     <span class='ocr_line' id='line_1_65' title="bbox 1248 1025 2100 1063; baseline 0.001 -10"><span class='ocrx_word' id='word_1_468' title='bbox 1248 1028 1275 1053; x_wconf 85' lang='lat' dir='ltr'>et</span> <span class='ocrx_word' id='word_1_469' title='bbox 1297 1025 1349 1053; x_wconf 89' lang='lat' dir='ltr'>hoc</span> <span class='ocrx_word' id='word_1_470' title='bbox 1364 1025 1506 1054; x_wconf 88' lang='lat' dir='ltr'>redeundo</span> <span class='ocrx_word' id='word_1_471' title='bbox 1526 1033 1543 1054; x_wconf 92' lang='lat' dir='ltr'>a</span> <span class='ocrx_word' id='word_1_472' title='bbox 1557 1025 1698 1063; x_wconf 86' lang='lat' dir='ltr'>voluptate</span> <span class='ocrx_word' id='word_1_473' title='bbox 1715 1025 1749 1054; x_wconf 81' lang='lat' dir='ltr'>ad</span> <span class='ocrx_word' id='word_1_474' title='bbox 1774 1025 1960 1054; x_wconf 88' lang='lat' dir='ltr'>sobrietatem.</span> <span class='ocrx_word' id='word_1_475' title='bbox 1986 1025 2100 1062; x_wconf 84' lang='lat' dir='ltr'>Propter</span> 
     </span>
     <span class='ocr_line' id='line_1_66' title="bbox 1249 1071 2101 1110; baseline 0 -9"><span class='ocrx_word' id='word_1_476' title='bbox 1249 1072 1324 1109; x_wconf 88' lang='lat' dir='ltr'>quod</span> <span class='ocrx_word' id='word_1_477' title='bbox 1343 1072 1423 1101; x_wconf 88' lang='lat' dir='ltr'>dicit:</span> <span class='ocrx_word' id='word_1_478' title='bbox 1448 1072 1581 1110; x_wconf 74' lang='lat' dir='ltr'>Coyz&#39;tavz&#39;</span> <span class='ocrx_word' id='word_1_479' title='bbox 1601 1072 1633 1101; x_wconf 78' lang='lat' dir='ltr'>in</span> <span class='ocrx_word' id='word_1_480' title='bbox 1653 1072 1739 1101; x_wconf 78' lang='lat' dir='ltr'>eorde</span> <span class='ocrx_word' id='word_1_481' title='bbox 1759 1080 1820 1101; x_wconf 84' lang='lat' dir='ltr'>meo</span> <span class='ocrx_word' id='word_1_482' title='bbox 1842 1071 1986 1101; x_wconf 77' lang='lat' dir='ltr'>abstinere</span> <span class='ocrx_word' id='word_1_483' title='bbox 2000 1080 2020 1101; x_wconf 87' lang='lat' dir='ltr'>a</span> <span class='ocrx_word' id='word_1_484' title='bbox 2033 1071 2101 1100; x_wconf 77' lang='lat' dir='ltr'>vino</span> 
     </span>
     <span class='ocr_line' id='line_1_67' title="bbox 1249 1116 2101 1156; baseline -0.001 -9"><span class='ocrx_word' id='word_1_485' title='bbox 1249 1127 1368 1148; x_wconf 81' lang='lat' dir='ltr'>carnem</span> <span class='ocrx_word' id='word_1_486' title='bbox 1390 1127 1500 1153; x_wconf 82' lang='lat' dir='ltr'>meam,</span> <span class='ocrx_word' id='word_1_487' title='bbox 1529 1119 1595 1156; x_wconf 90' lang='lat' dir='ltr'>quia</span> <span class='ocrx_word' id='word_1_488' title='bbox 1620 1119 1688 1148; x_wconf 90' lang='lat' dir='ltr'>illud</span> <span class='ocrx_word' id='word_1_489' title='bbox 1716 1119 1786 1148; x_wconf 90' lang='lat' dir='ltr'>miro</span> <span class='ocrx_word' id='word_1_490' title='bbox 1818 1119 1900 1148; x_wconf 88' lang='lat' dir='ltr'>modo</span> <span class='ocrx_word' id='word_1_491' title='bbox 1930 1118 2044 1148; x_wconf 89' lang='lat' dir='ltr'>inclinat</span> <span class='ocrx_word' id='word_1_492' title='bbox 2067 1116 2101 1147; x_wconf 89' lang='lat' dir='ltr'>ad</span> 
     </span>
     <span class='ocr_line' id='line_1_68' title="bbox 1249 1157 2101 1203; baseline 0 -9"><span class='ocrx_word' id='word_1_493' title='bbox 1249 1166 1435 1203; x_wconf 71' lang='lat' dir='ltr'>voluptatem,</span> <span class='ocrx_word' id='word_1_494' title='bbox 1457 1165 1530 1194; x_wconf 91' lang='lat' dir='ltr'>unde</span> <span class='ocrx_word' id='word_1_495' title='bbox 1551 1165 1585 1194; x_wconf 87' lang='lat' dir='ltr'>ad</span> <span class='ocrx_word' id='word_1_496' title='bbox 1608 1165 1738 1203; x_wconf 88' lang='lat' dir='ltr'>Ephesios</span> <span class='ocrx_word' id='word_1_497' title='bbox 1751 1157 1887 1203; x_wconf 81' lang='lat' dir='ltr'>quint0⁵:</span> <span class='ocrx_word' id='word_1_498' title='bbox 1915 1177 1928 1190; x_wconf 88' lang='lat'><strong><em>«</em></strong></span> <span class='ocrx_word' id='word_1_499' title='bbox 1943 1165 2030 1195; x_wconf 89' lang='lat' dir='ltr'>Nolite</span> <span class='ocrx_word' id='word_1_500' title='bbox 2044 1164 2101 1194; x_wconf 86' lang='lat' dir='ltr'>ine-</span> 
     </span>
     <span class='ocr_line' id='line_1_69' title="bbox 1250 1211 2100 1250; baseline -0.001 -9"><span class='ocrx_word' id='word_1_501' title='bbox 1250 1213 1334 1242; x_wconf 89' lang='lat' dir='ltr'>briari</span> <span class='ocrx_word' id='word_1_502' title='bbox 1357 1213 1436 1247; x_wconf 89' lang='lat' dir='ltr'>vino,</span> <span class='ocrx_word' id='word_1_503' title='bbox 1458 1213 1486 1241; x_wconf 94' lang='lat' dir='ltr'>in</span> <span class='ocrx_word' id='word_1_504' title='bbox 1507 1221 1564 1250; x_wconf 89' lang='lat' dir='ltr'>quo</span> <span class='ocrx_word' id='word_1_505' title='bbox 1585 1216 1626 1241; x_wconf 88' lang='lat' dir='ltr'>est</span> <span class='ocrx_word' id='word_1_506' title='bbox 1648 1212 1763 1242; x_wconf 87' lang='lat' dir='ltr'>luxuria</span> <span class='ocrx_word' id='word_1_507' title='bbox 1777 1224 1808 1247; x_wconf 82' lang='lat'>»;</span> <span class='ocrx_word' id='word_1_508' title='bbox 1830 1216 1858 1242; x_wconf 88' lang='lat' dir='ltr'>et</span> <span class='ocrx_word' id='word_1_509' title='bbox 1885 1211 2100 1241; x_wconf 89' lang='lat' dir='ltr'>Proverbiorum</span> 
     </span>
     <span class='ocr_line' id='line_1_70' title="bbox 1250 1259 2102 1298; baseline -0.001 -9"><span class='ocrx_word' id='word_1_510' title='bbox 1250 1260 1397 1298; x_wconf 84' lang='lat' dir='ltr'>vigesimo:</span> <span class='ocrx_word' id='word_1_511' title='bbox 1424 1272 1437 1285; x_wconf 87' lang='lat'>«</span> <span class='ocrx_word' id='word_1_512' title='bbox 1454 1260 1610 1289; x_wconf 83' lang='lat' dir='ltr'>Luxuriosa</span> <span class='ocrx_word' id='word_1_513' title='bbox 1625 1268 1670 1289; x_wconf 85' lang='lat' dir='ltr'>res</span> <span class='ocrx_word' id='word_1_514' title='bbox 1691 1264 1732 1289; x_wconf 86' lang='lat' dir='ltr'>est</span> <span class='ocrx_word' id='word_1_515' title='bbox 1747 1260 1859 1295; x_wconf 90' lang='lat' dir='ltr'>vinum,</span> <span class='ocrx_word' id='word_1_516' title='bbox 1881 1264 1908 1289; x_wconf 90' lang='lat' dir='ltr'>et</span> <span class='ocrx_word' id='word_1_517' title='bbox 1930 1259 2102 1289; x_wconf 84' lang='lat' dir='ltr'>tumultuosa</span> 
     </span>
     <span class='ocr_line' id='line_1_71' title="bbox 1249 1306 2101 1345; baseline -0.004 -8"><span class='ocrx_word' id='word_1_518' title='bbox 1249 1308 1387 1343; x_wconf 84' lang='lat' dir='ltr'>ebrietas;</span> <span class='ocrx_word' id='word_1_519' title='bbox 1419 1308 1590 1345; x_wconf 89' lang='lat' dir='ltr'>quicumque</span> <span class='ocrx_word' id='word_1_520' title='bbox 1622 1308 1666 1337; x_wconf 89' lang='lat' dir='ltr'>his</span> <span class='ocrx_word' id='word_1_521' title='bbox 1695 1308 1849 1337; x_wconf 86' lang='lat' dir='ltr'>delectatur</span> <span class='ocrx_word' id='word_1_522' title='bbox 1885 1316 1940 1337; x_wconf 91' lang='lat' dir='ltr'>non</span> <span class='ocrx_word' id='word_1_523' title='bbox 1972 1306 2025 1336; x_wconf 89' lang='lat' dir='ltr'>erit</span> <span class='ocrx_word' id='word_1_524' title='bbox 2059 1314 2101 1335; x_wconf 90' lang='lat' dir='ltr'>sa-</span> 
     </span>
     <span class='ocr_line' id='line_1_72' title="bbox 1249 1355 2101 1392; baseline -0.001 -9"><span class='ocrx_word' id='word_1_525' title='bbox 1249 1355 1368 1392; x_wconf 89' lang='lat' dir='ltr'>piens».</span> <span class='ocrx_word' id='word_1_526' title='bbox 1391 1355 1452 1384; x_wconf 88' lang='lat' dir='ltr'>Ideo</span> <span class='ocrx_word' id='word_1_527' title='bbox 1480 1355 1609 1392; x_wconf 83' lang='lat' dir='ltr'>cogitavit</span> <span class='ocrx_word' id='word_1_528' title='bbox 1631 1355 1841 1384; x_wconf 88' lang='lat' dir='ltr'>incitamentum</span> <span class='ocrx_word' id='word_1_529' title='bbox 1869 1355 2028 1392; x_wconf 87' lang='lat' dir='ltr'>relinquere</span> <span class='ocrx_word' id='word_1_530' title='bbox 2054 1362 2101 1382; x_wconf 93' lang='lat' dir='ltr'>vo-</span> 
     </span>
     <span class='ocr_line' id='line_1_73' title="bbox 1249 1401 2101 1440; baseline -0.001 -9"><span class='ocrx_word' id='word_1_531' title='bbox 1249 1402 1379 1440; x_wconf 88' lang='lat' dir='ltr'>luptatis,</span> <span class='ocrx_word' id='word_1_532' title='bbox 1394 1406 1427 1431; x_wconf 82' lang='lat' dir='ltr'>ut</span> <span class='ocrx_word' id='word_1_533' title='bbox 1447 1402 1582 1431; x_wconf 73' lang='lat' dir='ltr'>animum</span> <span class='ocrx_word' id='word_1_534' title='bbox 1604 1411 1699 1431; x_wconf 76' lang='lat' dir='ltr'>meum</span> <span class='ocrx_word' id='word_1_535' title='bbox 1716 1401 1910 1440; x_wconf 74' lang='lat' dir='ltr'>transferrem</span> <span class='ocrx_word' id='word_1_536' title='bbox 1932 1402 1971 1430; x_wconf 74' lang='lat' dir='ltr'>ad</span> <span class='ocrx_word' id='word_1_537' title='bbox 1985 1401 2101 1438; x_wconf 75' lang='lat' dir='ltr'>sapien-</span> 
     </span>
     <span class='ocr_line' id='line_1_74' title="bbox 1250 1449 2101 1486; baseline -0.001 -8"><span class='ocrx_word' id='word_1_538' title='bbox 1250 1450 1338 1483; x_wconf 76' lang='lat' dir='ltr'>tiam,</span> <span class='ocrx_word' id='word_1_539' title='bbox 1361 1449 1388 1478; x_wconf 92' lang='lat' dir='ltr'>id</span> <span class='ocrx_word' id='word_1_540' title='bbox 1412 1452 1454 1478; x_wconf 85' lang='lat' dir='ltr'>est</span> <span class='ocrx_word' id='word_1_541' title='bbox 1474 1449 1508 1478; x_wconf 91' lang='lat' dir='ltr'>ad</span> <span class='ocrx_word' id='word_1_542' title='bbox 1533 1449 1780 1479; x_wconf 85' lang='lat' dir='ltr'>considerationem</span> <span class='ocrx_word' id='word_1_543' title='bbox 1802 1449 1984 1486; x_wconf 86' lang='lat' dir='ltr'>sapientium,</span> <span class='ocrx_word' id='word_1_544' title='bbox 2006 1451 2033 1477; x_wconf 91' lang='lat' dir='ltr'>et</span> <span class='ocrx_word' id='word_1_545' title='bbox 2058 1456 2101 1477; x_wconf 91' lang='lat' dir='ltr'>re-</span> 
     </span>
     <span class='ocr_line' id='line_1_75' title="bbox 1250 1495 2102 1534; baseline -0.001 -9"><span class='ocrx_word' id='word_1_546' title='bbox 1250 1497 1405 1534; x_wconf 90' lang='lat' dir='ltr'>linquerem</span> <span class='ocrx_word' id='word_1_547' title='bbox 1440 1496 1686 1526; x_wconf 87' lang='lat' dir='ltr'>considerationem</span> <span class='ocrx_word' id='word_1_548' title='bbox 1722 1497 1871 1525; x_wconf 90' lang='lat' dir='ltr'>stultorum</span> <span class='ocrx_word' id='word_1_549' title='bbox 1885 1520 1904 1531; x_wconf 79' lang='lat'><em>„</em></span> <span class='ocrx_word' id='word_1_550' title='bbox 1927 1496 2017 1534; x_wconf 80' lang='lat' dir='ltr'>qualis</span> <span class='ocrx_word' id='word_1_551' title='bbox 2050 1495 2102 1525; x_wconf 84' lang='lat' dir='ltr'>suit</span> 
     </span>
     <span class='ocr_line' id='line_1_76' title="bbox 1250 1543 2102 1582; baseline -0.001 -10"><span class='ocrx_word' id='word_1_552' title='bbox 1250 1543 1433 1573; x_wconf 87' lang='lat' dir='ltr'>consideratio</span> <span class='ocrx_word' id='word_1_553' title='bbox 1461 1543 1643 1581; x_wconf 76' lang='lat' dir='ltr'>praecedens,</span> <span class='ocrx_word' id='word_1_554' title='bbox 1672 1543 1746 1573; x_wconf 90' lang='lat' dir='ltr'>unde</span> <span class='ocrx_word' id='word_1_555' title='bbox 1774 1544 1854 1573; x_wconf 90' lang='lat' dir='ltr'>dicit:</span> <span class='ocrx_word' id='word_1_556' title='bbox 1880 1543 2102 1582; x_wconf 65' lang='lat' dir='ltr'>Devitaoemque</span> 
     </span>
     <span class='ocr_line' id='line_1_77' title="bbox 1249 1589 2102 1628; baseline -0.001 -9"><span class='ocrx_word' id='word_1_557' title='bbox 1249 1590 1420 1625; x_wconf 78' lang='lat' dir='ltr'>Stultitiam;</span> <span class='ocrx_word' id='word_1_558' title='bbox 1441 1594 1468 1619; x_wconf 92' lang='lat' dir='ltr'>et</span> <span class='ocrx_word' id='word_1_559' title='bbox 1490 1591 1542 1619; x_wconf 88' lang='lat' dir='ltr'>hoc</span> <span class='ocrx_word' id='word_1_560' title='bbox 1556 1590 1590 1619; x_wconf 90' lang='lat' dir='ltr'>ad</span> <span class='ocrx_word' id='word_1_561' title='bbox 1605 1591 1755 1628; x_wconf 88' lang='lat' dir='ltr'>sapientiae</span> <span class='ocrx_word' id='word_1_562' title='bbox 1775 1591 2015 1625; x_wconf 84' lang='lat' dir='ltr'>exhortationem;</span> <span class='ocrx_word' id='word_1_563' title='bbox 2037 1589 2102 1618; x_wconf 90' lang='lat' dir='ltr'>Pro-</span> 
     </span>
     <span class='ocr_line' id='line_1_78' title="bbox 1250 1636 2103 1675; baseline 0 -9"><span class='ocrx_word' id='word_1_564' title='bbox 1250 1638 1411 1667; x_wconf 92' lang='lat' dir='ltr'>verbiorum</span> <span class='ocrx_word' id='word_1_565' title='bbox 1432 1638 1561 1675; x_wconf 74' lang='lat' dir='ltr'>primo⁵x</span> <span class='ocrx_word' id='word_1_566' title='bbox 1589 1649 1602 1662; x_wconf 79' lang='grc' dir='ltr'>α</span> <span class='ocrx_word' id='word_1_567' title='bbox 1616 1638 1778 1675; x_wconf 87' lang='lat' dir='ltr'>Usquequo,</span> <span class='ocrx_word' id='word_1_568' title='bbox 1794 1638 1916 1675; x_wconf 87' lang='lat' dir='ltr'>parvuli,</span> <span class='ocrx_word' id='word_1_569' title='bbox 1934 1637 2047 1675; x_wconf 85' lang='lat' dir='ltr'>diligitis</span> <span class='ocrx_word' id='word_1_570' title='bbox 2061 1636 2103 1665; x_wconf 88' lang='lat' dir='ltr'>in-</span> 
     </span>
     <span class='ocr_line' id='line_1_79' title="bbox 1250 1683 2102 1722; baseline -0.002 -8"><span class='ocrx_word' id='word_1_571' title='bbox 1250 1685 1379 1719; x_wconf 84' lang='lat' dir='ltr'>fantiam,</span> <span class='ocrx_word' id='word_1_572' title='bbox 1401 1689 1428 1714; x_wconf 86' lang='lat' dir='ltr'>et</span> <span class='ocrx_word' id='word_1_573' title='bbox 1449 1685 1525 1714; x_wconf 87' lang='lat' dir='ltr'>stulti</span> <span class='ocrx_word' id='word_1_574' title='bbox 1547 1693 1579 1714; x_wconf 89' lang='lat' dir='ltr'>ea</span> <span class='ocrx_word' id='word_1_575' title='bbox 1593 1693 1665 1722; x_wconf 89' lang='lat' dir='ltr'>quae</span> <span class='ocrx_word' id='word_1_576' title='bbox 1686 1688 1751 1714; x_wconf 91' lang='lat' dir='ltr'>sunt</span> <span class='ocrx_word' id='word_1_577' title='bbox 1766 1684 1866 1719; x_wconf 86' lang='lat' dir='ltr'>noxia,</span> <span class='ocrx_word' id='word_1_578' title='bbox 1888 1684 2029 1722; x_wconf 88' lang='lat' dir='ltr'>cupient»</span> <span class='ocrx_word' id='word_1_579' title='bbox 2044 1686 2055 1712; x_wconf 76' lang='lat' dir='ltr'>&#39;e</span> <span class='ocrx_word' id='word_1_580' title='bbox 2071 1683 2102 1712; x_wconf 90' lang='lat' dir='ltr'>Et</span> 
     </span>
     <span class='ocr_line' id='line_1_80' title="bbox 1250 1730 2102 1768; baseline -0.001 -8"><span class='ocrx_word' id='word_1_581' title='bbox 1250 1733 1303 1761; x_wconf 92' lang='lat' dir='ltr'>hoc</span> <span class='ocrx_word' id='word_1_582' title='bbox 1324 1740 1379 1760; x_wconf 90' lang='lat' dir='ltr'>non</span> <span class='ocrx_word' id='word_1_583' title='bbox 1411 1735 1519 1760; x_wconf 91' lang='lat' dir='ltr'>tantum</span> <span class='ocrx_word' id='word_1_584' title='bbox 1544 1735 1659 1768; x_wconf 89' lang='lat' dir='ltr'>propter</span> <span class='ocrx_word' id='word_1_585' title='bbox 1690 1731 1836 1760; x_wconf 86' lang='lat' dir='ltr'>utilitatem</span> <span class='ocrx_word' id='word_1_586' title='bbox 1868 1731 2026 1768; x_wconf 88' lang='lat' dir='ltr'>propriam,</span> <span class='ocrx_word' id='word_1_587' title='bbox 2054 1730 2102 1759; x_wconf 85' lang='lat' dir='ltr'>sed</span> 
     </span>
     <span class='ocr_line' id='line_1_81' title="bbox 1251 1776 2101 1817; baseline -0.001 -10"><span class='ocrx_word' id='word_1_588' title='bbox 1251 1786 1442 1812; x_wconf 90' lang='lat' dir='ltr'>communem;</span> <span class='ocrx_word' id='word_1_589' title='bbox 1458 1778 1518 1807; x_wconf 91' lang='lat' dir='ltr'>ideo</span> <span class='ocrx_word' id='word_1_590' title='bbox 1539 1778 1619 1807; x_wconf 87' lang='lat' dir='ltr'>dicit:</span> <span class='ocrx_word' id='word_1_591' title='bbox 1640 1778 1675 1807; x_wconf 80' lang='lat' dir='ltr'>Ut</span> <span class='ocrx_word' id='word_1_592' title='bbox 1696 1778 1839 1812; x_wconf 79' lang='lat' dir='ltr'>viderem,</span> <span class='ocrx_word' id='word_1_593' title='bbox 1855 1777 1928 1817; x_wconf 81' lang='lat' dir='ltr'>quid</span> <span class='ocrx_word' id='word_1_594' title='bbox 1948 1780 2019 1806; x_wconf 73' lang='lat' dir='ltr'>esset</span> <span class='ocrx_word' id='word_1_595' title='bbox 2032 1776 2101 1806; x_wconf 73' lang='lat' dir='ltr'>utile</span> 
     </span>
     <span class='ocr_line' id='line_1_82' title="bbox 1250 1823 2103 1862; baseline -0.002 -8"><span class='ocrx_word' id='word_1_596' title='bbox 1250 1825 1320 1861; x_wconf 73' lang='lat' dir='ltr'>filiis</span> <span class='ocrx_word' id='word_1_597' title='bbox 1342 1824 1511 1858; x_wconf 73' lang='lat' dir='ltr'>kominum;</span> <span class='ocrx_word' id='word_1_598' title='bbox 1535 1828 1562 1854; x_wconf 90' lang='lat' dir='ltr'>et</span> <span class='ocrx_word' id='word_1_599' title='bbox 1583 1825 1636 1854; x_wconf 90' lang='lat' dir='ltr'>hoc</span> <span class='ocrx_word' id='word_1_600' title='bbox 1657 1825 1684 1853; x_wconf 92' lang='lat' dir='ltr'>in</span> <span class='ocrx_word' id='word_1_601' title='bbox 1706 1825 1763 1853; x_wconf 89' lang='lat' dir='ltr'>vita</span> <span class='ocrx_word' id='word_1_602' title='bbox 1790 1824 1945 1862; x_wconf 82' lang='lat' dir='ltr'>praesenti,</span> <span class='ocrx_word' id='word_1_603' title='bbox 1974 1823 2047 1853; x_wconf 87' lang='lat' dir='ltr'>unde</span> <span class='ocrx_word' id='word_1_604' title='bbox 2075 1826 2103 1853; x_wconf 84' lang='lat' dir='ltr'>et</span> 
     </span>
    </p>
   </div>
   <div class='ocr_carea' id='block_1_10' title="bbox 1251 1870 2114 1910">
    <p class='ocr_par' dir='ltr' id='par_1_12' title="bbox 1251 1870 2114 1910">
     <span class='ocr_line' id='line_1_83' title="bbox 1251 1870 2114 1910; baseline -0.002 -8"><span class='ocrx_word' id='word_1_605' title='bbox 1251 1872 1358 1902; x_wconf 91' lang='lat' dir='ltr'>subdit:</span> <span class='ocrx_word' id='word_1_606' title='bbox 1376 1873 1438 1908; x_wconf 72' lang='lat' dir='ltr'>Quo</span> <span class='ocrx_word' id='word_1_607' title='bbox 1452 1871 1531 1910; x_wconf 82' lang='lat' dir='ltr'>sacto</span> <span class='ocrx_word' id='word_1_608' title='bbox 1553 1881 1626 1910; x_wconf 75' lang='lat' dir='ltr'>opus</span> <span class='ocrx_word' id='word_1_609' title='bbox 1640 1872 1692 1906; x_wconf 73' lang='lat' dir='ltr'>sic,</span> <span class='ocrx_word' id='word_1_610' title='bbox 1708 1872 1734 1901; x_wconf 91' lang='lat' dir='ltr'>id</span> <span class='ocrx_word' id='word_1_611' title='bbox 1749 1875 1803 1906; x_wconf 93' lang='lat' dir='ltr'>est,</span> <span class='ocrx_word' id='word_1_612' title='bbox 1818 1871 1893 1909; x_wconf 90' lang='lat' dir='ltr'>quod</span> <span class='ocrx_word' id='word_1_613' title='bbox 1913 1870 2114 1909; x_wconf 81' lang='lat' dir='ltr'>opportunum</span> 
     </span>
    </p>
   </div>
   <div class='ocr_carea' id='block_1_11' title="bbox 1250 1918 2102 2471">
    <p class='ocr_par' dir='ltr' id='par_1_13' title="bbox 1250 1918 2102 2049">
     <span class='ocr_line' id='line_1_84' title="bbox 1250 1918 2102 1954; baseline -0.002 -5"><span class='ocrx_word' id='word_1_614' title='bbox 1250 1923 1292 1949; x_wconf 88' lang='lat' dir='ltr'>est</span> <span class='ocrx_word' id='word_1_615' title='bbox 1312 1920 1418 1954; x_wconf 77' lang='lat' dir='ltr'>facere,</span> <span class='ocrx_word' id='word_1_616' title='bbox 1436 1919 1490 1948; x_wconf 75' lang='lat' dir='ltr'>sub</span> <span class='ocrx_word' id='word_1_617' title='bbox 1511 1919 1568 1949; x_wconf 73' lang='lat' dir='ltr'>sole</span> <span class='ocrx_word' id='word_1_618' title='bbox 1582 1928 1705 1948; x_wconf 79' lang='lat' dir='ltr'>numero</span> <span class='ocrx_word' id='word_1_619' title='bbox 1726 1919 1840 1948; x_wconf 74' lang='lat' dir='ltr'>dierum</span> <span class='ocrx_word' id='word_1_620' title='bbox 1855 1919 1931 1948; x_wconf 76' lang='lat' dir='ltr'>vitae</span> <span class='ocrx_word' id='word_1_621' title='bbox 1950 1926 2031 1947; x_wconf 78' lang='lat' dir='ltr'>suae.</span> <span class='ocrx_word' id='word_1_622' title='bbox 2047 1918 2102 1947; x_wconf 82' lang='lat' dir='ltr'>Hoc</span> 
     </span>
     <span class='ocr_line' id='line_1_85' title="bbox 1250 1965 2102 2000; baseline -0.002 -4"><span class='ocrx_word' id='word_1_623' title='bbox 1250 1967 1319 1996; x_wconf 89' lang='lat' dir='ltr'>vidit</span> <span class='ocrx_word' id='word_1_624' title='bbox 1332 1970 1359 1996; x_wconf 89' lang='lat' dir='ltr'>et</span> <span class='ocrx_word' id='word_1_625' title='bbox 1374 1967 1515 1996; x_wconf 84' lang='lat' dir='ltr'>enarravit</span> <span class='ocrx_word' id='word_1_626' title='bbox 1528 1967 1556 1996; x_wconf 90' lang='lat' dir='ltr'>in</span> <span class='ocrx_word' id='word_1_627' title='bbox 1571 1967 1626 1996; x_wconf 89' lang='lat' dir='ltr'>fine</span> <span class='ocrx_word' id='word_1_628' title='bbox 1641 1967 1703 1996; x_wconf 93' lang='lat' dir='ltr'>libri</span> <span class='ocrx_word' id='word_1_629' title='bbox 1713 1967 1737 1995; x_wconf 84' lang='lat'>⁷:</span> <span class='ocrx_word' id='word_1_630' title='bbox 1754 1979 1767 1992; x_wconf 92' lang='lat'>«</span> <span class='ocrx_word' id='word_1_631' title='bbox 1780 1967 1867 1996; x_wconf 89' lang='lat' dir='ltr'>Deum</span> <span class='ocrx_word' id='word_1_632' title='bbox 1882 1966 1960 2000; x_wconf 92' lang='lat' dir='ltr'>time,</span> <span class='ocrx_word' id='word_1_633' title='bbox 1973 1965 2102 1995; x_wconf 85' lang='lat' dir='ltr'>mandata</span> 
     </span>
     <span class='ocr_line' id='line_1_86' title="bbox 1250 2014 1856 2049; baseline 0 -6"><span class='ocrx_word' id='word_1_634' title='bbox 1250 2015 1310 2044; x_wconf 89' lang='lat' dir='ltr'>eius</span> <span class='ocrx_word' id='word_1_635' title='bbox 1331 2014 1463 2049; x_wconf 88' lang='lat' dir='ltr'>observa;</span> <span class='ocrx_word' id='word_1_636' title='bbox 1486 2015 1538 2043; x_wconf 91' lang='lat' dir='ltr'>hoc</span> <span class='ocrx_word' id='word_1_637' title='bbox 1560 2018 1601 2044; x_wconf 90' lang='lat' dir='ltr'>est</span> <span class='ocrx_word' id='word_1_638' title='bbox 1622 2015 1711 2043; x_wconf 88' lang='lat' dir='ltr'>omnis</span> <span class='ocrx_word' id='word_1_639' title='bbox 1733 2015 1816 2043; x_wconf 90' lang='lat' dir='ltr'>homo</span> <span class='ocrx_word' id='word_1_640' title='bbox 1830 2026 1856 2042; x_wconf 70' lang='grc' dir='ltr'>υ.</span> 
     </span>
    </p>

    <p class='ocr_par' dir='ltr' id='par_1_14' title="bbox 1250 2059 2102 2471">
     <span class='ocr_line' id='line_1_87' title="bbox 1330 2059 2101 2098; baseline -0.003 -8"><span class='ocrx_word' id='word_1_641' title='bbox 1330 2062 1383 2090; x_wconf 87' lang='lat' dir='ltr'>Hoc</span> <span class='ocrx_word' id='word_1_642' title='bbox 1405 2064 1447 2090; x_wconf 90' lang='lat' dir='ltr'>est</span> <span class='ocrx_word' id='word_1_643' title='bbox 1467 2062 1556 2090; x_wconf 77' lang='lat' dir='ltr'>utile.-</span> <span class='ocrx_word' id='word_1_644' title='bbox 1577 2062 1724 2091; x_wconf 75' lang='lat' dir='ltr'>mandata</span> <span class='ocrx_word' id='word_1_645' title='bbox 1746 2061 1799 2090; x_wconf 78' lang='lat' dir='ltr'>Dei</span> <span class='ocrx_word' id='word_1_646' title='bbox 1817 2069 1953 2095; x_wconf 64' lang='lat' dir='ltr'>seq-vare,</span> <span class='ocrx_word' id='word_1_647' title='bbox 1975 2060 2041 2098; x_wconf 88' lang='lat' dir='ltr'>quia</span> <span class='ocrx_word' id='word_1_648' title='bbox 2060 2059 2101 2088; x_wconf 90' lang='lat' dir='ltr'>di-</span> 
     </span>
     <span class='ocr_line' id='line_1_88' title="bbox 1250 2108 2102 2146; baseline -0.002 -8"><span class='ocrx_word' id='word_1_649' title='bbox 1250 2109 1324 2138; x_wconf 90' lang='lat' dir='ltr'>citur</span> <span class='ocrx_word' id='word_1_650' title='bbox 1345 2109 1415 2138; x_wconf 84' lang='lat' dir='ltr'>infra</span> <span class='ocrx_word' id='word_1_651' title='bbox 1444 2112 1556 2138; x_wconf 87' lang='lat' dir='ltr'>octavo:</span> <span class='ocrx_word' id='word_1_652' title='bbox 1591 2109 1670 2146; x_wconf 89' lang='lat' dir='ltr'>«Qui</span> <span class='ocrx_word' id='word_1_653' title='bbox 1693 2108 1813 2138; x_wconf 86' lang='lat' dir='ltr'>custodit</span> <span class='ocrx_word' id='word_1_654' title='bbox 1840 2111 2019 2145; x_wconf 90' lang='lat' dir='ltr'>praeceptum</span> <span class='ocrx_word' id='word_1_655' title='bbox 2047 2115 2102 2136; x_wconf 92' lang='lat' dir='ltr'>non</span> 
     </span>
     <span class='ocr_line' id='line_1_89' title="bbox 1250 2153 2101 2194; baseline -0.002 -9"><span class='ocrx_word' id='word_1_656' title='bbox 1250 2156 1414 2194; x_wconf 85' lang='lat' dir='ltr'>experietur</span> <span class='ocrx_word' id='word_1_657' title='bbox 1428 2156 1580 2193; x_wconf 91' lang='lat' dir='ltr'>quidquam</span> <span class='ocrx_word' id='word_1_658' title='bbox 1596 2156 1660 2184; x_wconf 90' lang='lat' dir='ltr'>mali</span> <span class='ocrx_word' id='word_1_659' title='bbox 1672 2166 1703 2191; x_wconf 77' lang='lat'>»3</span> <span class='ocrx_word' id='word_1_660' title='bbox 1722 2158 1750 2185; x_wconf 90' lang='lat' dir='ltr'>et</span> <span class='ocrx_word' id='word_1_661' title='bbox 1768 2155 1981 2184; x_wconf 88' lang='lat' dir='ltr'>Proverbiorum</span> <span class='ocrx_word' id='word_1_662' title='bbox 1995 2153 2101 2183; x_wconf 90' lang='lat' dir='ltr'>decimo</span> 
     </span>
     <span class='ocr_line' id='line_1_90' title="bbox 1250 2201 2101 2239; baseline -0.002 -7"><span class='ocrx_word' id='word_1_663' title='bbox 1250 2211 1342 2232; x_wconf 88' lang='lat' dir='ltr'>nono:</span> <span class='ocrx_word' id='word_1_664' title='bbox 1379 2203 1459 2239; x_wconf 87' lang='lat' dir='ltr'>«Qui</span> <span class='ocrx_word' id='word_1_665' title='bbox 1492 2203 1611 2233; x_wconf 85' lang='lat' dir='ltr'>custodit</span> <span class='ocrx_word' id='word_1_666' title='bbox 1642 2202 1801 2231; x_wconf 88' lang='lat' dir='ltr'>mandatum</span> <span class='ocrx_word' id='word_1_667' title='bbox 1831 2202 1951 2231; x_wconf 87' lang='lat' dir='ltr'>custodit</span> <span class='ocrx_word' id='word_1_668' title='bbox 1981 2201 2101 2230; x_wconf 88' lang='lat' dir='ltr'>animam</span> 
     </span>
     <span class='ocr_line' id='line_1_91' title="bbox 1251 2249 2101 2287; baseline -0.001 -8"><span class='ocrx_word' id='word_1_669' title='bbox 1251 2258 1347 2284; x_wconf 88' lang='lat' dir='ltr'>suam;</span> <span class='ocrx_word' id='word_1_670' title='bbox 1368 2250 1415 2287; x_wconf 88' lang='lat' dir='ltr'>qui</span> <span class='ocrx_word' id='word_1_671' title='bbox 1438 2252 1531 2279; x_wconf 92' lang='lat' dir='ltr'>autem</span> <span class='ocrx_word' id='word_1_672' title='bbox 1546 2250 1658 2287; x_wconf 84' lang='lat' dir='ltr'>negligit</span> <span class='ocrx_word' id='word_1_673' title='bbox 1679 2250 1751 2278; x_wconf 86' lang='lat' dir='ltr'>viam</span> <span class='ocrx_word' id='word_1_674' title='bbox 1773 2257 1852 2278; x_wconf 87' lang='lat' dir='ltr'>suam</span> <span class='ocrx_word' id='word_1_675' title='bbox 1868 2249 2005 2279; x_wconf 86' lang='lat' dir='ltr'>morietur</span> <span class='ocrx_word' id='word_1_676' title='bbox 2020 2261 2046 2277; x_wconf 86' lang='lat'>».</span> <span class='ocrx_word' id='word_1_677' title='bbox 2063 2266 2101 2270; x_wconf 97' lang='lat'><strong>—</strong></span> 
     </span>
     <span class='ocr_line' id='line_1_92' title="bbox 1252 2296 2100 2335; baseline 0 -10"><span class='ocrx_word' id='word_1_678' title='bbox 1252 2297 1390 2326; x_wconf 70' lang='lat' dir='ltr'>Dimissio</span> <span class='ocrx_word' id='word_1_679' title='bbox 1416 2297 1599 2335; x_wconf 76' lang='lat' dir='ltr'>iniquitatis;</span> <span class='ocrx_word' id='word_1_680' title='bbox 1627 2297 1764 2325; x_wconf 85' lang='lat' dir='ltr'>secundae</span> <span class='ocrx_word' id='word_1_681' title='bbox 1791 2296 1824 2325; x_wconf 90' lang='lat' dir='ltr'>ad</span> <span class='ocrx_word' id='word_1_682' title='bbox 1854 2297 2030 2326; x_wconf 92' lang='lat' dir='ltr'>Timotheum</span> <span class='ocrx_word' id='word_1_683' title='bbox 2058 2305 2100 2326; x_wconf 87' lang='lat' dir='ltr'>se-</span> 
     </span>
     <span class='ocr_line' id='line_1_93' title="bbox 1250 2343 2100 2381; baseline 0 -8"><span class='ocrx_word' id='word_1_684' title='bbox 1250 2344 1379 2373; x_wconf 72' lang='lat' dir='ltr'>cund03:</span> <span class='ocrx_word' id='word_1_685' title='bbox 1407 2356 1419 2369; x_wconf 72' lang='grc' dir='ltr'>«ι</span> <span class='ocrx_word' id='word_1_686' title='bbox 1434 2344 1460 2372; x_wconf 92' lang='lat' dir='ltr'>Si</span> <span class='ocrx_word' id='word_1_687' title='bbox 1482 2344 1545 2381; x_wconf 85' lang='lat' dir='ltr'>quis</span> <span class='ocrx_word' id='word_1_688' title='bbox 1560 2343 1752 2373; x_wconf 87' lang='lat' dir='ltr'>emundaverit</span> <span class='ocrx_word' id='word_1_689' title='bbox 1773 2352 1802 2373; x_wconf 88' lang='lat' dir='ltr'>se</span> <span class='ocrx_word' id='word_1_690' title='bbox 1823 2344 1857 2373; x_wconf 91' lang='lat' dir='ltr'>ab</span> <span class='ocrx_word' id='word_1_691' title='bbox 1878 2344 1953 2379; x_wconf 86' lang='lat' dir='ltr'>istis,</span> <span class='ocrx_word' id='word_1_692' title='bbox 1975 2345 2028 2373; x_wconf 89' lang='lat' dir='ltr'>erit</span> <span class='ocrx_word' id='word_1_693' title='bbox 2052 2353 2100 2374; x_wconf 85' lang='lat' dir='ltr'>vas</span> 
     </span>
     <span class='ocr_line' id='line_1_94' title="bbox 1251 2390 2098 2428; baseline 0.001 -9"><span class='ocrx_word' id='word_1_694' title='bbox 1251 2391 1452 2420; x_wconf 82' lang='lat' dir='ltr'>sanctificatum</span> <span class='ocrx_word' id='word_1_695' title='bbox 1474 2390 1542 2420; x_wconf 92' lang='lat' dir='ltr'>utile</span> <span class='ocrx_word' id='word_1_696' title='bbox 1556 2390 1687 2426; x_wconf 90' lang='lat' dir='ltr'>Domino,</span> <span class='ocrx_word' id='word_1_697' title='bbox 1709 2391 1742 2420; x_wconf 88' lang='lat' dir='ltr'>ad</span> <span class='ocrx_word' id='word_1_698' title='bbox 1763 2399 1844 2420; x_wconf 89' lang='lat' dir='ltr'>omne</span> <span class='ocrx_word' id='word_1_699' title='bbox 1868 2399 1939 2428; x_wconf 88' lang='lat' dir='ltr'>opus</span> <span class='ocrx_word' id='word_1_700' title='bbox 1953 2392 2057 2420; x_wconf 90' lang='lat' dir='ltr'>bonum</span> <span class='ocrx_word' id='word_1_701' title='bbox 2071 2403 2098 2420; x_wconf 64' lang='lat' dir='ltr'>n.</span> 
     </span>
     <span class='ocr_line' id='line_1_95' title="bbox 1250 2437 2100 2471; baseline 0.001 -5"><span class='ocrx_word' id='word_1_702' title='bbox 1250 2455 1289 2460; x_wconf 92' lang='lat'>—-</span> <span class='ocrx_word' id='word_1_703' title='bbox 1311 2438 1446 2467; x_wconf 79' lang='lat' dir='ltr'>Eruditio</span> <span class='ocrx_word' id='word_1_704' title='bbox 1467 2437 1617 2471; x_wconf 58' lang='lat' dir='ltr'>veritates,-</span> <span class='ocrx_word' id='word_1_705' title='bbox 1638 2438 1774 2467; x_wconf 88' lang='lat' dir='ltr'>secundae</span> <span class='ocrx_word' id='word_1_706' title='bbox 1795 2438 1829 2467; x_wconf 85' lang='lat' dir='ltr'>ad</span> <span class='ocrx_word' id='word_1_707' title='bbox 1850 2438 2025 2467; x_wconf 88' lang='lat' dir='ltr'>Timotheum</span> <span class='ocrx_word' id='word_1_708' title='bbox 2044 2440 2100 2467; x_wconf 87' lang='lat' dir='ltr'>ter-</span> 
     </span>
    </p>
   </div>
   <div class='ocr_carea' id='block_1_12' title="bbox 965 2522 1476 2526">
    <p class='ocr_par' dir='ltr' id='par_1_15' title="bbox 965 2522 1476 2526">
     <span class='ocr_line' id='line_1_96' title="bbox 965 2522 1476 2526; baseline 0 0"><span class='ocrx_word' id='word_1_709' title='bbox 965 2522 1476 2526; x_wconf 95' lang='lat' dir='ltr'> </span> 
     </span>
    </p>
   </div>
   <div class='ocr_carea' id='block_1_13' title="bbox 344 2570 1193 2991">
    <p class='ocr_par' dir='ltr' id='par_1_16' title="bbox 344 2570 1192 2639">
     <span class='ocr_line' id='line_1_97' title="bbox 407 2570 1192 2600; baseline -0.001 -7"><span class='ocrx_word' id='word_1_710' title='bbox 407 2571 414 2584; x_wconf 90' lang='lat'><strong>¹</strong></span> <span class='ocrx_word' id='word_1_711' title='bbox 434 2572 499 2595; x_wconf 83' lang='lat' dir='ltr'>Vers.</span> <span class='ocrx_word' id='word_1_712' title='bbox 517 2572 554 2594; x_wconf 76' lang='lat' dir='ltr'>to.</span> <span class='ocrx_word' id='word_1_713' title='bbox 572 2584 601 2588; x_wconf 88' lang='lat'>—-</span> <span class='ocrx_word' id='word_1_714' title='bbox 619 2571 727 2600; x_wconf 84' lang='lat' dir='ltr'>Sequitur</span> <span class='ocrx_word' id='word_1_715' title='bbox 744 2570 783 2593; x_wconf 90' lang='lat' dir='ltr'>lob</span> <span class='ocrx_word' id='word_1_716' title='bbox 802 2570 844 2598; x_wconf 75' lang='grc'>42,</span> <span class='ocrx_word' id='word_1_717' title='bbox 862 2570 884 2592; x_wconf 79' lang='grc'>5.</span> <span class='ocrx_word' id='word_1_718' title='bbox 900 2573 923 2592; x_wconf 86' lang='lat' dir='ltr'>et</span> <span class='ocrx_word' id='word_1_719' title='bbox 935 2571 962 2592; x_wconf 84' lang='lat'>6:</span> <span class='ocrx_word' id='word_1_720' title='bbox 974 2570 1039 2593; x_wconf 89' lang='lat' dir='ltr'>Nunc</span> <span class='ocrx_word' id='word_1_721' title='bbox 1050 2573 1128 2593; x_wconf 88' lang='lat' dir='ltr'>autem</span> <span class='ocrx_word' id='word_1_722' title='bbox 1140 2576 1192 2592; x_wconf 91' lang='lat' dir='ltr'>ocu-</span> 
     </span>
     <span class='ocr_line' id='line_1_98' title="bbox 344 2609 1124 2639; baseline -0.004 -5"><span class='ocrx_word' id='word_1_723' title='bbox 344 2613 404 2634; x_wconf 83' lang='lat' dir='ltr'>lus...</span> <span class='ocrx_word' id='word_1_724' title='bbox 423 2612 508 2634; x_wconf 83' lang='lat' dir='ltr'>idcirco</span> <span class='ocrx_word' id='word_1_725' title='bbox 526 2611 574 2639; x_wconf 78' lang='lat' dir='ltr'>ipse</span> <span class='ocrx_word' id='word_1_726' title='bbox 591 2617 629 2633; x_wconf 86' lang='lat' dir='ltr'>rne</span> <span class='ocrx_word' id='word_1_727' title='bbox 646 2613 689 2633; x_wconf 80' lang='lat' dir='ltr'>etc.</span> <span class='ocrx_word' id='word_1_728' title='bbox 706 2610 751 2633; x_wconf 91' lang='lat' dir='ltr'>Csr.</span> <span class='ocrx_word' id='word_1_729' title='bbox 769 2611 877 2638; x_wconf 54' lang='lat' dir='ltr'>August„</span> <span class='ocrx_word' id='word_1_730' title='bbox 895 2609 917 2631; x_wconf 94' lang='lat' dir='ltr'>in</span> <span class='ocrx_word' id='word_1_731' title='bbox 935 2609 971 2632; x_wconf 83' lang='lat' dir='ltr'>Ps.</span> <span class='ocrx_word' id='word_1_732' title='bbox 990 2610 1027 2631; x_wconf 82' lang='lat'>98.</span> <span class='ocrx_word' id='word_1_733' title='bbox 1045 2616 1068 2632; x_wconf 89' lang='lat' dir='ltr'>n.</span> <span class='ocrx_word' id='word_1_734' title='bbox 1087 2609 1124 2631; x_wconf 75' lang='grc'>42.</span> 
     </span>
    </p>

    <p class='ocr_par' dir='ltr' id='par_1_17' title="bbox 344 2647 1193 2835">
     <span class='ocr_line' id='line_1_99' title="bbox 407 2647 1192 2678; baseline -0.004 -5"><span class='ocrx_word' id='word_1_735' title='bbox 407 2649 415 2662; x_wconf 87' lang='lat'><strong>²</strong></span> <span class='ocrx_word' id='word_1_736' title='bbox 434 2651 517 2673; x_wconf 86' lang='lat' dir='ltr'>Psalm.</span> <span class='ocrx_word' id='word_1_737' title='bbox 534 2650 577 2677; x_wconf 88' lang='lat'>77,</span> <span class='ocrx_word' id='word_1_738' title='bbox 595 2650 632 2672; x_wconf 84' lang='lat'>39.</span> <span class='ocrx_word' id='word_1_739' title='bbox 650 2662 681 2666; x_wconf 97' lang='lat'><strong>—</strong></span> <span class='ocrx_word' id='word_1_740' title='bbox 699 2650 831 2678; x_wconf 87' lang='lat' dir='ltr'>Sequuntur</span> <span class='ocrx_word' id='word_1_741' title='bbox 847 2648 933 2672; x_wconf 82' lang='lat' dir='ltr'>Cantie.</span> <span class='ocrx_word' id='word_1_742' title='bbox 951 2649 979 2676; x_wconf 91' lang='lat'>7,</span> <span class='ocrx_word' id='word_1_743' title='bbox 996 2649 1022 2675; x_wconf 85' lang='lat'>6,</span> <span class='ocrx_word' id='word_1_744' title='bbox 1041 2647 1081 2670; x_wconf 91' lang='lat' dir='ltr'>ubi</span> <span class='ocrx_word' id='word_1_745' title='bbox 1093 2648 1192 2676; x_wconf 75' lang='lat' dir='ltr'>Vulgata</span> 
     </span>
     <span class='ocr_line' id='line_1_100' title="bbox 344 2687 1193 2719; baseline -0.004 -7"><span class='ocrx_word' id='word_1_746' title='bbox 344 2693 396 2718; x_wconf 88' lang='lat' dir='ltr'>post</span> <span class='ocrx_word' id='word_1_747' title='bbox 412 2696 436 2713; x_wconf 84' lang='lat' dir='ltr'>es</span> <span class='ocrx_word' id='word_1_748' title='bbox 454 2690 518 2712; x_wconf 84' lang='lat' dir='ltr'>addit</span> <span class='ocrx_word' id='word_1_749' title='bbox 534 2691 555 2712; x_wconf 84' lang='lat' dir='ltr'>et</span> <span class='ocrx_word' id='word_1_750' title='bbox 572 2695 646 2719; x_wconf 78' lang='lat' dir='ltr'>quam</span> <span class='ocrx_word' id='word_1_751' title='bbox 662 2689 763 2717; x_wconf 53' lang='lat' dir='ltr'>decor-cu</span> <span class='ocrx_word' id='word_1_752' title='bbox 781 2689 831 2711; x_wconf 76' lang='lat' dir='ltr'>lsai.</span> <span class='ocrx_word' id='word_1_753' title='bbox 854 2689 896 2716; x_wconf 91' lang='lat'>22,</span> <span class='ocrx_word' id='word_1_754' title='bbox 916 2689 957 2710; x_wconf 70' lang='lat'>42:</span> <span class='ocrx_word' id='word_1_755' title='bbox 975 2689 1001 2710; x_wconf 88' lang='lat' dir='ltr'>Et</span> <span class='ocrx_word' id='word_1_756' title='bbox 1012 2687 1106 2710; x_wconf 87' lang='lat' dir='ltr'>vocabit</span> <span class='ocrx_word' id='word_1_757' title='bbox 1117 2687 1193 2710; x_wconf 90' lang='lat' dir='ltr'>Domi-</span> 
     </span>
     <span class='ocr_line' id='line_1_101' title="bbox 344 2726 1193 2755; baseline -0.002 -5"><span class='ocrx_word' id='word_1_758' title='bbox 344 2735 414 2751; x_wconf 82' lang='lat' dir='ltr'>nus...</span> <span class='ocrx_word' id='word_1_759' title='bbox 434 2728 464 2750; x_wconf 86' lang='lat' dir='ltr'>ad</span> <span class='ocrx_word' id='word_1_760' title='bbox 482 2729 561 2750; x_wconf 84' lang='lat' dir='ltr'>fletum</span> <span class='ocrx_word' id='word_1_761' title='bbox 579 2731 635 2755; x_wconf 54' lang='lat' dir='ltr'>etex,</span> <span class='ocrx_word' id='word_1_762' title='bbox 652 2735 675 2750; x_wconf 90' lang='lat' dir='ltr'>v.</span> <span class='ocrx_word' id='word_1_763' title='bbox 695 2728 736 2750; x_wconf 66' lang='lat'>13:</span> <span class='ocrx_word' id='word_1_764' title='bbox 753 2728 779 2750; x_wconf 87' lang='lat' dir='ltr'>Et</span> <span class='ocrx_word' id='word_1_765' title='bbox 795 2733 873 2750; x_wconf 80' lang='lat' dir='ltr'>ecce..</span> <span class='ocrx_word' id='word_1_766' title='bbox 890 2727 973 2749; x_wconf 85' lang='lat' dir='ltr'>laetitia</span> <span class='ocrx_word' id='word_1_767' title='bbox 990 2726 1096 2749; x_wconf 86' lang='lat' dir='ltr'>occidere</span> <span class='ocrx_word' id='word_1_768' title='bbox 1108 2726 1193 2749; x_wconf 83' lang='lat' dir='ltr'>vitulos</span> 
     </span>
     <span class='ocr_line' id='line_1_102' title="bbox 344 2767 1191 2795; baseline -0.002 -5"><span class='ocrx_word' id='word_1_769' title='bbox 344 2771 366 2790; x_wconf 89' lang='lat' dir='ltr'>et</span> <span class='ocrx_word' id='word_1_770' title='bbox 378 2768 482 2795; x_wconf 83' lang='lat' dir='ltr'>iugulare</span> <span class='ocrx_word' id='word_1_771' title='bbox 494 2768 576 2790; x_wconf 85' lang='lat' dir='ltr'>arietes</span> <span class='ocrx_word' id='word_1_772' title='bbox 588 2770 643 2795; x_wconf 75' lang='lat' dir='ltr'>etc.;</span> <span class='ocrx_word' id='word_1_773' title='bbox 661 2768 715 2795; x_wconf 85' lang='lat' dir='ltr'>Sap.</span> <span class='ocrx_word' id='word_1_774' title='bbox 732 2768 759 2795; x_wconf 84' lang='lat'>2,</span> <span class='ocrx_word' id='word_1_775' title='bbox 776 2767 804 2789; x_wconf 82' lang='lat'>6:</span> <span class='ocrx_word' id='word_1_776' title='bbox 818 2767 900 2789; x_wconf 88' lang='lat' dir='ltr'>Venite</span> <span class='ocrx_word' id='word_1_777' title='bbox 914 2772 983 2794; x_wconf 77' lang='lat' dir='ltr'>ergo,</span> <span class='ocrx_word' id='word_1_778' title='bbox 995 2769 1017 2788; x_wconf 90' lang='lat' dir='ltr'>et</span> <span class='ocrx_word' id='word_1_779' title='bbox 1029 2767 1133 2788; x_wconf 76' lang='lat' dir='ltr'>truamur</span> <span class='ocrx_word' id='word_1_780' title='bbox 1144 2768 1191 2794; x_wconf 67' lang='lat' dir='ltr'>etc,</span> 
     </span>
     <span class='ocr_line' id='line_1_103' title="bbox 345 2806 837 2835; baseline -0.002 -6"><span class='ocrx_word' id='word_1_781' title='bbox 345 2808 411 2829; x_wconf 87' lang='lat' dir='ltr'>Prov.</span> <span class='ocrx_word' id='word_1_782' title='bbox 429 2806 457 2835; x_wconf 92' lang='lat'>7,</span> <span class='ocrx_word' id='word_1_783' title='bbox 476 2807 518 2828; x_wconf 75' lang='lat'>⁴8:</span> <span class='ocrx_word' id='word_1_784' title='bbox 535 2806 618 2828; x_wconf 80' lang='lat' dir='ltr'>Veni...</span> <span class='ocrx_word' id='word_1_785' title='bbox 635 2809 657 2828; x_wconf 91' lang='lat' dir='ltr'>et</span> <span class='ocrx_word' id='word_1_786' title='bbox 675 2807 778 2828; x_wconf 75' lang='lat' dir='ltr'>truamur</span> <span class='ocrx_word' id='word_1_787' title='bbox 795 2808 837 2828; x_wconf 84' lang='lat' dir='ltr'>etc.</span> 
     </span>
    </p>

    <p class='ocr_par' dir='ltr' id='par_1_18' title="bbox 345 2843 1193 2913">
     <span class='ocr_line' id='line_1_104' title="bbox 407 2843 1193 2873; baseline -0.001 -6"><span class='ocrx_word' id='word_1_788' title='bbox 407 2843 417 2857; x_wconf 74' lang='lat'>³</span> <span class='ocrx_word' id='word_1_789' title='bbox 435 2846 501 2867; x_wconf 83' lang='lat' dir='ltr'>Vers.</span> <span class='ocrx_word' id='word_1_790' title='bbox 521 2845 555 2867; x_wconf 80' lang='grc'>13.</span> <span class='ocrx_word' id='word_1_791' title='bbox 574 2857 603 2860; x_wconf 95' lang='grc'><strong>-</strong></span> <span class='ocrx_word' id='word_1_792' title='bbox 621 2845 729 2873; x_wconf 87' lang='lat' dir='ltr'>Sequitur</span> <span class='ocrx_word' id='word_1_793' title='bbox 747 2845 790 2867; x_wconf 84' lang='lat' dir='ltr'>lac.</span> <span class='ocrx_word' id='word_1_794' title='bbox 808 2844 834 2872; x_wconf 76' lang='lat'>4,</span> <span class='ocrx_word' id='word_1_795' title='bbox 846 2845 872 2872; x_wconf 84' lang='grc'>9;</span> <span class='ocrx_word' id='word_1_796' title='bbox 885 2843 970 2867; x_wconf 89' lang='lat' dir='ltr'>deinde</span> <span class='ocrx_word' id='word_1_797' title='bbox 982 2844 1036 2867; x_wconf 89' lang='lat' dir='ltr'>Luc.</span> <span class='ocrx_word' id='word_1_798' title='bbox 1049 2844 1076 2871; x_wconf 80' lang='lat'>6,</span> <span class='ocrx_word' id='word_1_799' title='bbox 1089 2844 1131 2866; x_wconf 82' lang='lat'>25:</span> <span class='ocrx_word' id='word_1_800' title='bbox 1144 2844 1193 2866; x_wconf 86' lang='lat' dir='ltr'>Vae</span> 
     </span>
     <span class='ocr_line' id='line_1_105' title="bbox 345 2883 1016 2913; baseline -0.003 -5"><span class='ocrx_word' id='word_1_801' title='bbox 345 2885 425 2912; x_wconf 85' lang='lat' dir='ltr'>vobis,</span> <span class='ocrx_word' id='word_1_802' title='bbox 443 2884 482 2913; x_wconf 88' lang='lat' dir='ltr'>qui</span> <span class='ocrx_word' id='word_1_803' title='bbox 500 2884 580 2907; x_wconf 84' lang='lat' dir='ltr'>ridetis</span> <span class='ocrx_word' id='word_1_804' title='bbox 596 2890 672 2911; x_wconf 87' lang='lat' dir='ltr'>nunc,</span> <span class='ocrx_word' id='word_1_805' title='bbox 689 2884 742 2913; x_wconf 88' lang='lat' dir='ltr'>quia</span> <span class='ocrx_word' id='word_1_806' title='bbox 760 2884 869 2912; x_wconf 78' lang='lat' dir='ltr'>lugebitis</span> <span class='ocrx_word' id='word_1_807' title='bbox 886 2887 907 2906; x_wconf 90' lang='lat' dir='ltr'>et</span> <span class='ocrx_word' id='word_1_808' title='bbox 925 2883 1016 2906; x_wconf 86' lang='lat' dir='ltr'>flebitis.</span> 
     </span>
    </p>

    <p class='ocr_par' dir='ltr' id='par_1_19' title="bbox 346 2923 1193 2991">
     <span class='ocr_line' id='line_1_106' title="bbox 408 2923 1193 2951; baseline -0.001 -5"><span class='ocrx_word' id='word_1_809' title='bbox 408 2923 418 2936; x_wconf 69' lang='lat'><strong>⁴</strong></span> <span class='ocrx_word' id='word_1_810' title='bbox 436 2924 500 2946; x_wconf 84' lang='lat' dir='ltr'>Vers.</span> <span class='ocrx_word' id='word_1_811' title='bbox 522 2924 556 2946; x_wconf 70' lang='lat'>52.</span> <span class='ocrx_word' id='word_1_812' title='bbox 574 2926 596 2945; x_wconf 89' lang='lat' dir='ltr'>et</span> <span class='ocrx_word' id='word_1_813' title='bbox 616 2924 655 2945; x_wconf 77' lang='lat'>¹3:</span> <span class='ocrx_word' id='word_1_814' title='bbox 672 2923 778 2946; x_wconf 86' lang='lat' dir='ltr'>Gaudent</span> <span class='ocrx_word' id='word_1_815' title='bbox 789 2923 819 2945; x_wconf 88' lang='lat' dir='ltr'>ad</span> <span class='ocrx_word' id='word_1_816' title='bbox 830 2923 931 2946; x_wconf 82' lang='lat' dir='ltr'>sonitum</span> <span class='ocrx_word' id='word_1_817' title='bbox 944 2923 1025 2951; x_wconf 80' lang='lat' dir='ltr'>organi</span> <span class='ocrx_word' id='word_1_818' title='bbox 1041 2925 1097 2950; x_wconf 83' lang='lat' dir='ltr'>etc.;</span> <span class='ocrx_word' id='word_1_819' title='bbox 1109 2923 1193 2946; x_wconf 90' lang='lat' dir='ltr'>deinde</span> 
     </span>
     <span class='ocr_line' id='line_1_107' title="bbox 346 2963 503 2991; baseline -0.006 -5"><span class='ocrx_word' id='word_1_820' title='bbox 346 2963 402 2986; x_wconf 79' lang='lat' dir='ltr'>ibid.</span> <span class='ocrx_word' id='word_1_821' title='bbox 422 2964 463 2991; x_wconf 79' lang='lat'>20,</span> <span class='ocrx_word' id='word_1_822' title='bbox 481 2964 503 2985; x_wconf 78' lang='lat'>5.</span> 
     </span>
    </p>
   </div>
   <div class='ocr_carea' id='block_1_14' title="bbox 1249 2568 2098 2945">
    <p class='ocr_par' dir='ltr' id='par_1_20' title="bbox 1313 2568 1818 2597">
     <span class='ocr_line' id='line_1_108' title="bbox 1313 2568 1818 2597; baseline -0.002 -6"><span class='ocrx_word' id='word_1_823' title='bbox 1313 2568 1323 2581; x_wconf 77' lang='lat'>⁵</span> <span class='ocrx_word' id='word_1_824' title='bbox 1340 2570 1405 2591; x_wconf 88' lang='lat' dir='ltr'>Vers.</span> <span class='ocrx_word' id='word_1_825' title='bbox 1425 2569 1461 2591; x_wconf 54' lang='lat'>118.</span> <span class='ocrx_word' id='word_1_826' title='bbox 1478 2581 1509 2586; x_wconf 94' lang='lat'><strong>—</strong></span> <span class='ocrx_word' id='word_1_827' title='bbox 1527 2568 1636 2597; x_wconf 85' lang='lat' dir='ltr'>Sequitur</span> <span class='ocrx_word' id='word_1_828' title='bbox 1653 2569 1720 2591; x_wconf 79' lang='lat' dir='ltr'>Prov.</span> <span class='ocrx_word' id='word_1_829' title='bbox 1737 2569 1780 2595; x_wconf 84' lang='grc'>20,</span> <span class='ocrx_word' id='word_1_830' title='bbox 1800 2569 1818 2590; x_wconf 78' lang='lat' dir='ltr'>t.</span> 
     </span>
    </p>

    <p class='ocr_par' dir='ltr' id='par_1_21' title="bbox 1312 2606 2046 2638">
     <span class='ocr_line' id='line_1_109' title="bbox 1312 2606 2046 2638; baseline -0.004 -6"><span class='ocrx_word' id='word_1_831' title='bbox 1312 2608 1322 2621; x_wconf 79' lang='lat'><strong>⁶</strong></span> <span class='ocrx_word' id='word_1_832' title='bbox 1339 2610 1405 2632; x_wconf 87' lang='lat' dir='ltr'>Vers.</span> <span class='ocrx_word' id='word_1_833' title='bbox 1423 2610 1465 2636; x_wconf 88' lang='lat'>22;</span> <span class='ocrx_word' id='word_1_834' title='bbox 1482 2608 1580 2631; x_wconf 89' lang='lat' dir='ltr'>vocibus</span> <span class='ocrx_word' id='word_1_835' title='bbox 1598 2614 1658 2638; x_wconf 71' lang='lat' dir='ltr'>quae</span> <span class='ocrx_word' id='word_1_836' title='bbox 1674 2609 1732 2631; x_wconf 78' lang='lat' dir='ltr'>sunt</span> <span class='ocrx_word' id='word_1_837' title='bbox 1748 2608 1846 2636; x_wconf 82' lang='lat' dir='ltr'>Vulgata</span> <span class='ocrx_word' id='word_1_838' title='bbox 1865 2607 1979 2630; x_wconf 89' lang='lat' dir='ltr'>interserit</span> <span class='ocrx_word' id='word_1_839' title='bbox 1995 2606 2046 2630; x_wconf 73' lang='lat' dir='ltr'>sibi.</span> 
     </span>
    </p>

    <p class='ocr_par' dir='ltr' id='par_1_22' title="bbox 1251 2645 2098 2717">
     <span class='ocr_line' id='line_1_110' title="bbox 1312 2645 2098 2676; baseline -0.004 -5"><span class='ocrx_word' id='word_1_840' title='bbox 1312 2646 1321 2659; x_wconf 93' lang='lat'>⁷</span> <span class='ocrx_word' id='word_1_841' title='bbox 1338 2647 1394 2676; x_wconf 84' lang='lat' dir='ltr'>Cap.</span> <span class='ocrx_word' id='word_1_842' title='bbox 1413 2648 1454 2675; x_wconf 71' lang='lat'>⁴2,</span> <span class='ocrx_word' id='word_1_843' title='bbox 1474 2648 1510 2670; x_wconf 68' lang='lat'>43.</span> <span class='ocrx_word' id='word_1_844' title='bbox 1533 2648 1666 2676; x_wconf 85' lang='lat' dir='ltr'>Sequuntur</span> <span class='ocrx_word' id='word_1_845' title='bbox 1684 2647 1740 2670; x_wconf 90' lang='lat' dir='ltr'>ibid.</span> <span class='ocrx_word' id='word_1_846' title='bbox 1757 2648 1783 2674; x_wconf 88' lang='grc'>8,</span> <span class='ocrx_word' id='word_1_847' title='bbox 1801 2647 1827 2674; x_wconf 76' lang='lat'>53</span> <span class='ocrx_word' id='word_1_848' title='bbox 1845 2648 1913 2670; x_wconf 87' lang='lat' dir='ltr'>Prov.</span> <span class='ocrx_word' id='word_1_849' title='bbox 1939 2647 1981 2675; x_wconf 76' lang='lat'>49,</span> <span class='ocrx_word' id='word_1_850' title='bbox 1999 2647 2042 2674; x_wconf 75' lang='grc'>16,</span> <span class='ocrx_word' id='word_1_851' title='bbox 2059 2645 2098 2668; x_wconf 90' lang='lat' dir='ltr'>ubi</span> 
     </span>
     <span class='ocr_line' id='line_1_111' title="bbox 1251 2684 2098 2717; baseline -0.002 -7"><span class='ocrx_word' id='word_1_852' title='bbox 1251 2688 1348 2715; x_wconf 77' lang='lat' dir='ltr'>Vulgata</span> <span class='ocrx_word' id='word_1_853' title='bbox 1365 2686 1548 2717; x_wconf 67' lang='lat' dir='ltr'>mortificabitur</span> <span class='ocrx_word' id='word_1_854' title='bbox 1566 2693 1608 2714; x_wconf 86' lang='lat' dir='ltr'>pro</span> <span class='ocrx_word' id='word_1_855' title='bbox 1624 2685 1753 2713; x_wconf 82' lang='lat' dir='ltr'>morietur,</span> <span class='ocrx_word' id='word_1_856' title='bbox 1766 2689 1788 2708; x_wconf 90' lang='lat' dir='ltr'>et</span> <span class='ocrx_word' id='word_1_857' title='bbox 1799 2685 1868 2709; x_wconf 92' lang='lat' dir='ltr'>codd.</span> <span class='ocrx_word' id='word_1_858' title='bbox 1885 2685 1958 2709; x_wconf 79' lang='lat' dir='ltr'>vitam</span> <span class='ocrx_word' id='word_1_859' title='bbox 1970 2691 2012 2714; x_wconf 87' lang='lat' dir='ltr'>pro</span> <span class='ocrx_word' id='word_1_860' title='bbox 2026 2684 2098 2708; x_wconf 77' lang='lat' dir='ltr'>viam.</span> 
     </span>
    </p>

    <p class='ocr_par' dir='ltr' id='par_1_23' title="bbox 1249 2724 2098 2945">
     <span class='ocr_line' id='line_1_112' title="bbox 1313 2724 2098 2754; baseline -0.003 -6"><span class='ocrx_word' id='word_1_861' title='bbox 1313 2724 1322 2738; x_wconf 84' lang='lat'>⁸</span> <span class='ocrx_word' id='word_1_862' title='bbox 1339 2726 1406 2748; x_wconf 86' lang='lat' dir='ltr'>Vers.</span> <span class='ocrx_word' id='word_1_863' title='bbox 1423 2726 1466 2749; x_wconf 75' lang='lat'>2⁴:</span> <span class='ocrx_word' id='word_1_864' title='bbox 1483 2725 1506 2748; x_wconf 87' lang='lat' dir='ltr'>Si</span> <span class='ocrx_word' id='word_1_865' title='bbox 1523 2725 1576 2754; x_wconf 84' lang='lat' dir='ltr'>quis</span> <span class='ocrx_word' id='word_1_866' title='bbox 1592 2731 1649 2753; x_wconf 87' lang='lat' dir='ltr'>ergo</span> <span class='ocrx_word' id='word_1_867' title='bbox 1666 2725 1850 2748; x_wconf 84' lang='lat' dir='ltr'>emundaverit...</span> <span class='ocrx_word' id='word_1_868' title='bbox 1870 2725 1913 2747; x_wconf 89' lang='lat' dir='ltr'>erit</span> <span class='ocrx_word' id='word_1_869' title='bbox 1931 2731 1972 2747; x_wconf 85' lang='lat' dir='ltr'>vas</span> <span class='ocrx_word' id='word_1_870' title='bbox 1989 2724 2011 2746; x_wconf 90' lang='lat' dir='ltr'>in</span> <span class='ocrx_word' id='word_1_871' title='bbox 2029 2724 2098 2746; x_wconf 91' lang='lat' dir='ltr'>hono-</span> 
     </span>
     <span class='ocr_line' id='line_1_113' title="bbox 1249 2763 2097 2793; baseline -0.005 -5"><span class='ocrx_word' id='word_1_872' title='bbox 1249 2771 1298 2788; x_wconf 82' lang='lat' dir='ltr'>rem</span> <span class='ocrx_word' id='word_1_873' title='bbox 1309 2765 1474 2788; x_wconf 80' lang='lat' dir='ltr'>sanctificatum</span> <span class='ocrx_word' id='word_1_874' title='bbox 1484 2768 1506 2788; x_wconf 90' lang='lat' dir='ltr'>et</span> <span class='ocrx_word' id='word_1_875' title='bbox 1515 2765 1577 2787; x_wconf 89' lang='lat' dir='ltr'>utile.</span> <span class='ocrx_word' id='word_1_876' title='bbox 1587 2781 1593 2787; x_wconf 92' lang='lat'>.</span> <span class='ocrx_word' id='word_1_877' title='bbox 1602 2764 1690 2786; x_wconf 86' lang='lat' dir='ltr'>bonum</span> <span class='ocrx_word' id='word_1_878' title='bbox 1700 2767 1815 2792; x_wconf 87' lang='lat' dir='ltr'>paratum.</span> <span class='ocrx_word' id='word_1_879' title='bbox 1825 2764 1932 2793; x_wconf 82' lang='lat' dir='ltr'>Sequitur</span> <span class='ocrx_word' id='word_1_880' title='bbox 1943 2763 1998 2786; x_wconf 88' lang='lat' dir='ltr'>ibid.</span> <span class='ocrx_word' id='word_1_881' title='bbox 2014 2763 2040 2790; x_wconf 85' lang='lat'>3,</span> <span class='ocrx_word' id='word_1_882' title='bbox 2055 2763 2084 2784; x_wconf 71' lang='lat'>⁴6</span> <span class='ocrx_word' id='word_1_883' title='bbox 2092 2779 2097 2789; x_wconf 91' lang='lat'>,</span> 
     </span>
     <span class='ocr_line' id='line_1_114' title="bbox 1251 2802 2097 2833; baseline -0.005 -6"><span class='ocrx_word' id='word_1_884' title='bbox 1251 2805 1273 2827; x_wconf 91' lang='lat' dir='ltr'>in</span> <span class='ocrx_word' id='word_1_885' title='bbox 1291 2811 1338 2833; x_wconf 90' lang='lat' dir='ltr'>quo</span> <span class='ocrx_word' id='word_1_886' title='bbox 1355 2805 1454 2832; x_wconf 81' lang='lat' dir='ltr'>Vulgata</span> <span class='ocrx_word' id='word_1_887' title='bbox 1472 2804 1537 2832; x_wconf 82' lang='lat' dir='ltr'>plura</span> <span class='ocrx_word' id='word_1_888' title='bbox 1556 2803 1668 2826; x_wconf 86' lang='lat' dir='ltr'>interserit</span> <span class='ocrx_word' id='word_1_889' title='bbox 1686 2805 1718 2832; x_wconf 78' lang='lat' dir='ltr'>(v.</span> <span class='ocrx_word' id='word_1_890' title='bbox 1736 2803 1778 2826; x_wconf 72' lang='lat'>⁴7:</span> <span class='ocrx_word' id='word_1_891' title='bbox 1796 2804 1824 2826; x_wconf 90' lang='lat' dir='ltr'>Ut</span> <span class='ocrx_word' id='word_1_892' title='bbox 1840 2804 1955 2831; x_wconf 78' lang='lat' dir='ltr'>perfectus</span> <span class='ocrx_word' id='word_1_893' title='bbox 1977 2802 2006 2825; x_wconf 90' lang='lat' dir='ltr'>sit</span> <span class='ocrx_word' id='word_1_894' title='bbox 2027 2803 2097 2824; x_wconf 89' lang='lat' dir='ltr'>homo</span> 
     </span>
     <span class='ocr_line' id='line_1_115' title="bbox 1250 2840 2097 2871; baseline -0.002 -6"><span class='ocrx_word' id='word_1_895' title='bbox 1250 2844 1290 2866; x_wconf 88' lang='lat' dir='ltr'>Dei</span> <span class='ocrx_word' id='word_1_896' title='bbox 1316 2843 1346 2866; x_wconf 86' lang='lat' dir='ltr'>ad</span> <span class='ocrx_word' id='word_1_897' title='bbox 1371 2849 1440 2866; x_wconf 88' lang='lat' dir='ltr'>omne</span> <span class='ocrx_word' id='word_1_898' title='bbox 1464 2849 1524 2870; x_wconf 87' lang='lat' dir='ltr'>opus</span> <span class='ocrx_word' id='word_1_899' title='bbox 1549 2842 1637 2865; x_wconf 89' lang='lat' dir='ltr'>bonum</span> <span class='ocrx_word' id='word_1_900' title='bbox 1655 2842 1802 2871; x_wconf 81' lang='lat' dir='ltr'>instructus);</span> <span class='ocrx_word' id='word_1_901' title='bbox 1819 2842 1903 2866; x_wconf 89' lang='lat' dir='ltr'>deinde</span> <span class='ocrx_word' id='word_1_902' title='bbox 1920 2843 1936 2865; x_wconf 89' lang='lat'>1.</span> <span class='ocrx_word' id='word_1_903' title='bbox 1954 2842 2014 2864; x_wconf 88' lang='lat' dir='ltr'>Tim.</span> <span class='ocrx_word' id='word_1_904' title='bbox 2032 2841 2058 2869; x_wconf 69' lang='lat'>4,</span> <span class='ocrx_word' id='word_1_905' title='bbox 2074 2840 2097 2863; x_wconf 87' lang='lat'>7.</span> 
     </span>
     <span class='ocr_line' id='line_1_116' title="bbox 1250 2881 2097 2911; baseline -0.005 -6"><span class='ocrx_word' id='word_1_906' title='bbox 1250 2886 1272 2905; x_wconf 87' lang='lat' dir='ltr'>et</span> <span class='ocrx_word' id='word_1_907' title='bbox 1290 2883 1310 2905; x_wconf 84' lang='grc'>8.</span> <span class='ocrx_word' id='word_1_908' title='bbox 1329 2895 1359 2898; x_wconf 82' lang='lat'>—</span> <span class='ocrx_word' id='word_1_909' title='bbox 1376 2882 1488 2911; x_wconf 85' lang='lat' dir='ltr'>Superius</span> <span class='ocrx_word' id='word_1_910' title='bbox 1505 2885 1557 2910; x_wconf 87' lang='lat' dir='ltr'>post</span> <span class='ocrx_word' id='word_1_911' title='bbox 1573 2881 1690 2905; x_wconf 81' lang='lat' dir='ltr'>morietur</span> <span class='ocrx_word' id='word_1_912' title='bbox 1706 2882 1870 2905; x_wconf 77' lang='lat' dir='ltr'>Vat.=intrudit</span> <span class='ocrx_word' id='word_1_913' title='bbox 1885 2881 2067 2910; x_wconf 86' lang='lat' dir='ltr'>propositionem</span> <span class='ocrx_word' id='word_1_914' title='bbox 2084 2886 2097 2901; x_wconf 86' lang='lat' dir='ltr'>a</span> 
     </span>
     <span class='ocr_line' id='line_1_117' title="bbox 1251 2918 2086 2945; baseline -0.002 -1"><span class='ocrx_word' id='word_1_915' title='bbox 1251 2922 1320 2944; x_wconf 87' lang='lat' dir='ltr'>codd.</span> <span class='ocrx_word' id='word_1_916' title='bbox 1337 2922 1458 2944; x_wconf 81' lang='lat' dir='ltr'>omissam:</span> <span class='ocrx_word' id='word_1_917' title='bbox 1477 2921 1520 2944; x_wconf 82' lang='lat' dir='ltr'>Hic</span> <span class='ocrx_word' id='word_1_918' title='bbox 1536 2922 1652 2944; x_wconf 77' lang='lat' dir='ltr'>notantur</span> <span class='ocrx_word' id='word_1_919' title='bbox 1668 2921 1745 2945; x_wconf 76' lang='lat' dir='ltr'>multa</span> <span class='ocrx_word' id='word_1_920' title='bbox 1762 2921 1831 2945; x_wconf 79' lang='lat' dir='ltr'>utilia</span> <span class='ocrx_word' id='word_1_921' title='bbox 1848 2922 1870 2944; x_wconf 76' lang='lat' dir='ltr'>et</span> <span class='ocrx_word' id='word_1_922' title='bbox 1886 2919 1988 2944; x_wconf 72' lang='lat' dir='ltr'>inutilia.</span> <span class='ocrx_word' id='word_1_923' title='bbox 2007 2918 2086 2943; x_wconf 78' lang='lat' dir='ltr'>Utilia.</span> 
     </span>
    </p>
   </div>
   <div class='ocr_carea' id='block_1_15' title="bbox 2118 939 2232 963">
    <p class='ocr_par' dir='ltr' id='par_1_24' title="bbox 2118 939 2232 963">
     <span class='ocr_line' id='line_1_118' title="bbox 2118 939 2232 963; baseline 0.009 -5"><span class='ocrx_word' id='word_1_924' title='bbox 2118 939 2145 959; x_wconf 88' lang='lat' dir='ltr'>De</span> <span class='ocrx_word' id='word_1_925' title='bbox 2158 942 2232 963; x_wconf 82' lang='lat' dir='ltr'>quarto.</span> 
     </span>
    </p>
   </div>
   <div class='ocr_carea' id='block_1_16' title="bbox 2118 2069 2244 2160">
    <p class='ocr_par' dir='ltr' id='par_1_25' title="bbox 2118 2069 2244 2160">
     <span class='ocr_line' id='line_1_119' title="bbox 2154 2069 2244 2088; baseline -0.011 0"><span class='ocrx_word' id='word_1_926' title='bbox 2154 2069 2244 2088; x_wconf 75' lang='lat' dir='ltr'>Notantur</span> 
     </span>
     <span class='ocr_line' id='line_1_120' title="bbox 2132 2092 2244 2112; baseline -0.009 0"><span class='ocrx_word' id='word_1_927' title='bbox 2132 2095 2199 2112; x_wconf 79' lang='lat' dir='ltr'>uatum·</span> <span class='ocrx_word' id='word_1_928' title='bbox 2211 2092 2244 2112; x_wconf 80' lang='lat' dir='ltr'>uti-</span> 
     </span>
     <span class='ocr_line' id='line_1_121' title="bbox 2118 2117 2244 2144; baseline -0.008 -8"><span class='ocrx_word' id='word_1_929' title='bbox 2118 2117 2144 2136; x_wconf 82' lang='lat' dir='ltr'>lia</span> <span class='ocrx_word' id='word_1_930' title='bbox 2162 2119 2182 2136; x_wconf 83' lang='lat' dir='ltr'>et</span> <span class='ocrx_word' id='word_1_931' title='bbox 2201 2121 2244 2144; x_wconf 70' lang='lat' dir='ltr'>qua-</span> 
     </span>
     <span class='ocr_line' id='line_1_122' title="bbox 2118 2140 2243 2160; baseline 0 -1"><span class='ocrx_word' id='word_1_932' title='bbox 2118 2140 2243 2160; x_wconf 78' lang='lat' dir='ltr'>tuorinutilia.</span> 
     </span>
    </p>
   </div>
   <div class='ocr_carea' id='block_1_17' title="bbox 2277 517 2282 1973">
    <p class='ocr_par' dir='ltr' id='par_1_26' title="bbox 2277 517 2282 1973">
     <span class='ocr_line' id='line_1_123' title="bbox 2277 517 2282 1973; baseline 0 0"><span class='ocrx_word' id='word_1_933' title='bbox 2277 517 2282 1973; x_wconf 95' lang='lat' dir='ltr'> </span> 
     </span>
    </p>
   </div>
   <div class='ocr_carea' id='block_1_18' title="bbox 2277 517 2282 1973">
    <p class='ocr_par' dir='ltr' id='par_1_27' title="bbox 2277 517 2282 1973">
     <span class='ocr_line' id='line_1_124' title="bbox 2277 517 2282 1973; baseline 0 0"><span class='ocrx_word' id='word_1_934' title='bbox 2277 517 2282 1973; x_wconf 95' lang='lat' dir='ltr'> </span> 
     </span>
    </p>
   </div>
   <div class='ocr_carea' id='block_1_19' title="bbox 2279 1230 2283 1973">
    <p class='ocr_par' dir='ltr' id='par_1_28' title="bbox 2279 1230 2283 1973">
     <span class='ocr_line' id='line_1_125' title="bbox 2279 1230 2283 1973; baseline 0 0"><span class='ocrx_word' id='word_1_935' title='bbox 2279 1230 2283 1973; x_wconf 95' lang='lat' dir='ltr'> </span> 
     </span>
    </p>
   </div>
   <div class='ocr_carea' id='block_1_20' title="bbox 2276 2669 2277 3268">
    <p class='ocr_par' dir='ltr' id='par_1_29' title="bbox 2276 2669 2277 3268">
     <span class='ocr_line' id='line_1_126' title="bbox 2276 2669 2277 3268; baseline 0 0"><span class='ocrx_word' id='word_1_936' title='bbox 2276 2669 2277 3268; x_wconf 95' lang='lat' dir='ltr'> </span> 
     </span>
    </p>
   </div>
  </div>
 </body>
</html>
