2296 3316
899 150 1143 180 PROLEGOMENA
1164 151 1191 179 C.
1215 151 1232 179 1.
1910 150 1941 178 111

187 233 341 262 Florentinus,
364 232 460 255 loannes
485 231 639 259 Trithemius‚
664 230 761 253 lacobus
785 230 906 257 Forestus,
927 228 1035 252 Albertus

187 280 340 307 Castellanus,
357 279 484 302 Gulielmus
507 278 681 307 Eisengrenius,
707 277 783 300 Sixtus
807 277 915 299 Senensis
932 279 955 299 et
970 276 1032 299 alii»

189 327 239 356 (etr.
255 327 385 355 prolegom.
402 326 433 349 ad
450 326 479 349 V.
495 328 552 349 tom.
569 331 590 348 c.
602 324 658 354 ⁴2).
669 324 715 348 Sed
727 325 750 347 in
762 324 798 347 his
809 323 938 352 allegandis
949 323 1035 346 Bonelli

187 381 271 403 parum
287 374 381 397 feliciter
391 373 504 402 procedit.
516 373 593 396 Primo
605 373 667 395 enim
679 374 785 395 auctores
802 371 841 399 illi,
858 371 900 401 qui
916 373 970 394 sunt
985 376 1035 393 sae-

188 422 232 444 culi
249 422 309 450 XVl,
325 424 378 450 post
394 421 519 444 editionem
536 419 727 448 Argentinensem
744 425 781 442 an.
799 418 860 441 ⁴495
881 419 1035 447 scripserunt,

188 471 213 491 ut
237 469 351 491 Marianus
374 467 530 495 Florentinus,
550 466 618 490 iacob
634 467 754 494 Forestus,
771 465 879 488 Albertus
894 465 1036 489 Castellanus

188 518 210 539 et
226 516 276 544 alii,
292 515 333 544 qui
349 516 393 538 hos
417 517 559 544 sequuntur;
576 516 599 537 et
622 514 659 541 hi,
676 516 701 537 ut
726 513 763 540 flt,
779 513 833 536 data
855 518 926 541 opera
947 513 977 535 de
997 519 1035 535 ve-

187 564 254 586 ritate
277 569 323 586 non
348 563 514 592 inquisierunt,
539 562 581 585 sed
607 561 678 584 fldem
700 561 864 589 praestiterunt
887 560 964 583 eidem
989 560 1035 583 edi-

187 610 242 633 tioni
258 612 281 633 et
296 615 339 638 per
355 615 407 632 eam
432 609 524 637 decepti
540 611 600 631 sunt.
617 620 649 625 —
666 608 748 637 Quoad
770 613 810 630 eos
833 613 902 634 vero,
919 607 960 636 qui
982 609 1036 629 sunt

187 657 273 680 saeculi
297 656 348 685 XV,
373 655 549 679 observandum
574 657 620 682 est,
637 655 701 684 quod
723 661 769 677 non
786 655 890 677 referunt
902 653 1035 684 proprium

188 703 284 728 titulum
299 703 417 732 opusculi,
434 703 465 725 de
481 708 528 731 quo
545 704 683 730 tractamus,
700 702 742 724 sed
759 701 827 724 aliam
845 701 1034 729 inscriptionem,

187 757 258 780 quam
275 750 361 773 Bonelli
377 750 426 773 sine
442 750 530 773 ratione
554 749 578 772 in
602 755 645 772 suo
669 755 739 771 sensu
756 748 928 776 interpretatur.
944 748 1035 770 Primus

188 796 257 825 igitur
274 797 349 824 testis,
366 796 501 819 Franciscus
525 797 623 819 Samson
649 795 779 824 (Prodrom.
804 795 847 818 col.
872 794 926 823 236)
952 792 1034 816 habet:

190 844 281 872 altem,
304 843 473 873 Compendium
494 843 597 867 veritatis
621 849 700 866 sacrae
726 842 859 871 scripturae
870 850 892 870 ⁷›;
918 841 949 864 ad
974 847 1035 876 quae

187 891 259 914 verba
275 892 299 914 P.
316 891 401 914 Bonelli
424 891 446 913 in
469 891 558 914 adiecta
582 892 636 913 nota
659 890 725 913 dicit:
744 898 756 910 ιι
768 889 804 913 Ab
821 892 916 912 auctore
937 891 1035 912 vocatur

187 938 348 968 Principium,
364 939 388 961 in
405 938 505 961 editione
522 940 599 960 autem
617 938 706 960 Veneta
724 937 785 960 4564
797 937 897 967 lsaqoqe
909 936 932 959 in
944 942 1034 959 sacram

187 985 362 1014 scripturam».
378 998 409 1002 -
426 985 470 1008 Sed
489 987 547 1008 haec
571 985 666 1008 assertio
689 984 767 1013 potius
792 984 899 1012 neganda
915 987 963 1011 est,
980 989 1035 1006 cum

187 1034 258 1054 exstet
274 1032 336 1054 aliud
352 1032 504 1061 opusculum,
521 1032 587 1061 quod
610 1032 707 1060 proprio
728 1037 771 1054 suo
789 1031 883 1054 nomine
898 1030 1032 1053 inscribitur

188 1078 357 1109 compendium
374 1078 570 1109 Scrz‘pturarum.
586 1079 715 1102 Audiamus
727 1078 887 1101 doctissimum
900 1077 1033 1100 Sbaraleam

188 1126 318 1154 <Supplem.
335 1132 390 1154 pag.
406 1125 452 1149 ’164
469 1132 483 1148 a
499 1125 544 1149 sub
569 1133 592 1149 n.
609 1126 665 1155 80.),
689 1126 742 1155 qui,
760 1127 857 1155 loquens
874 1125 904 1148 de
920 1124 1034 1153 operibus

187 1174 363 1197 Bonaventurae
373 1174 479 1197 nondum
491 1174 602 1201 inventis,
620 1174 663 1196 ait:
683 1183 694 1194 ιι
707 1173 878 1204 compendium
895 1172 1035 1203 Scriptura-

187 1227 251 1244 rum.
267 1221 360 1249 incipit:
377 1220 483 1244 Mundus
499 1220 528 1252 fit
542 1220 567 1244 in
581 1217 716 1250 principio,¹
734 1226 804 1243 versu
816 1219 916 1243 iambico
927 1220 1034 1251 dimetro,

187 1271 213 1290 ut
229 1266 298 1290 habet
315 1268 390 1291 Sixtus
415 1268 523 1291 Senensis
546 1267 585 1290 lib.
602 1268 643 1296 IV,
660 1267 726 1296 quod
750 1267 891 1290 Octavianus
908 1266 995 1289 Martini
1013 1269 1036 1289 et

187 1315 302 1338 Marianus
326 1317 410 1338 vocant
438 1314 609 1345 compendium
638 1314 744 1338 veritatis
768 1321 787 1338 s.
813 1314 968 1344 Sci-naturae,
993 1314 1034 1337 sed

188 1361 357 1392 compendium
369 1361 555 1392 Scripturarum
566 1363 666 1391 appellat
679 1362 819 1385 Trithemius
828 1370 839 1382 n
855 1364 897 1384 etc.
909 1374 941 1378 —
952 1361 1035 1390 Quoad

187 1408 251 1432 illum
269 1409 408 1437 indiculum,
425 1415 496 1439 quem
513 1409 649 1433 Franciscus
675 1410 786 1437 Samson,
803 1409 903 1432 Minister
919 1408 1035 1432 Generalis

187 1455 242 1479 Ord.
259 1456 311 1479 Min.
329 1456 369 1486 <ab
385 1462 422 1479 an.
441 1456 511 1486 4475)
531 1463 574 1485 pro
591 1457 691 1485 petenda
708 1458 732 1480 S.
749 1458 927 1480 Bonaventurae
943 1456 1036 1479 canoni-

187 1504 275 1526 zatione
291 1504 346 1527 Sedi
362 1504 501 1532 apostolicae
525 1504 641 1532 exhihuit,
662 1505 731 1527 etiam
757 1504 824 1527 aliam
849 1504 1035 1533 suppositionem

186 1553 266 1574 contra
283 1551 431 1580 hypothesim
455 1551 571 1574 Benedicti
596 1552 683 1574 Bonelli
703 1552 785 1574 afferre
802 1545 936 1580 possumus.
952 1551 1034 1574 Mirum

187 1597 249 1620 enim
266 1600 316 1626 est,
333 1598 398 1627 quod
415 1598 437 1621 in
459 1598 521 1621 dicto
545 1599 650 1627 catalogo
668 1599 729 1622 nulla
746 1599 771 1622 tlt
786 1599 872 1622 mentio
889 1598 940 1621 libri
957 1598 1035 1622 Brevi-

188 1643 295 1674 loquium
312 1645 369 1667 inter
385 1645 463 1668 omnia
479 1651 550 1673 opera
567 1646 742 1668 Bonaventurae
758 1645 902 1668 celeberrimi
914 1648 937 1668 et
948 1644 1035 1674 ubique

186 1691 242 1713 noti.
258 1690 352 1714 Constat
367 1694 457 1719 autem,
475 1692 498 1714 in
514 1698 562 1715 non
578 1693 660 1721 paucis
676 1691 798 1715 codicibus
815 1693 859 1715 hoc
876 1692 961 1715 mirum
979 1698 1036 1720 opu-

187 1738 289 1766 sculum,
306 1739 376 1761 etiam
401 1745 527 1768 suppresso
550 1740 644 1762 nomine
668 1738 826 1769 Breuitoquii,
852 1738 946 1762 inscribi
969 1739 1035 1762 titulo

187 1784 325 1815 compendii
329 1804 336 1814 ,
353 1786 390 1808 vel
408 1785 545 1816 Compendii
568 1792 653 1810 sacrae
669 1786 823 1816 scripturae,
840 1787 878 1809 vel
896 1785 1036 1816 compendii

186 1831 247 1855 vitae
263 1833 385 1861 aeternae,
402 1833 439 1856 vel
456 1833 526 1856 etiam
542 1833 658 1857 Summae
676 1834 739 1863 (vide
756 1836 812 1856 tom.
828 1833 857 1856 V.
870 1834 1035 1862 Prolegomena

187 1885 207 1901 c.
224 1880 246 1902 3.
263 1885 317 1908 pag.
335 1880 389 1902 XlX
406 1886 472 1910 seqq.
483 1880 576 1903 codices
587 1887 610 1903 n.
628 1880 665 1903 45.
677 1880 714 1903 59.
727 1881 765 1903 63.
778 1881 815 1903 66.
830 1881 867 1903 68.
880 1881 919 1903 83.
931 1880 968 1903 86.
982 1880 1034 1902 403.

188 1926 241 1949 406.
253 1926 306 1949 134.
318 1927 371 1949 ⁴37.
383 1927 485 1957 relatos).
494 1928 517 1950 ln
526 1927 577 1950 aliis
587 1927 693 1956 plurimis
705 1927 769 1950 titulo
778 1926 1035 1957 Breviloquiiadditur:

187 1972 215 1996 de
226 1972 379 2003 intelliyentisz
395 1979 415 1997 s.
432 1973 580 2003 script-urae.
598 1974 670 1997 Etiam
683 1974 817 2002 supposito,
834 1965 898 2003 quod
914 1974 969 1996 illud
981 1973 1035 1996 Sha-

187 2020 262 2042 raleae
274 2019 444 2050 Compendium
461 2020 647 2050 Scripturarum
659 2027 704 2043 non
716 2023 826 2048 exstaret,
843 2024 920 2043 tamen
936 2019 1035 2043 dubium

186 2070 328 2095 remaneret,
345 2074 374 2090 an
390 2068 413 2091 in
430 2068 548 2096 praedicto
561 2068 659 2091 indiculo
671 2068 812 2091 insinuatum
829 2068 858 2091 sit
874 2068 931 2091 illud
948 2067 1036 2091 Princi-

183 2113 266 2143 pium,
276 2115 313 2137 vel
322 2115 399 2143 potius
407 2116 451 2138 hoc
460 2115 645 2145 Breviloqziium.
653 2116 679 2138 Et
687 2115 765 2144 quoad
775 2115 914 2143 posteriores
923 2114 1036 2137 indiculos

187 2160 310 2189 allegatos,
327 2162 366 2190 qui
384 2162 452 2184 etiam
469 2161 648 2192 Brevdoquium
664 2164 795 2189 recensent,
812 2162 857 2185 dici
869 2164 954 2190 posset,
972 2162 1036 2189 ipsos

187 2208 358 2236 transcripsisse
366 2215 427 2237 quae
436 2209 466 2232 de
475 2211 519 2232 hoc
528 2208 669 2240 Compendio
675 2209 760 2232 habent
766 2216 793 2232 ex
799 2209 903 2237 catalogo
911 2209 1036 2232 Samsonis.

252 2256 324 2279 Valde
341 2256 410 2284 igitur
421 2256 520 2280 dubium
537 2260 583 2285 est,
599 2260 677 2280 utrum
689 2263 752 2281 unus
764 2257 895 2280 inveniatur
907 2257 982 2287 testis,
995 2257 1035 2287 qui

188 2306 240 2326 ante
251 2303 376 2326 editionem
388 2303 578 2331 Argentinensem
590 2305 634 2327 hoc
645 2304 794 2334 Principium
811 2305 986 2327 Bonaventurae
997 2304 1036 2327 tri-

188 2349 271 2373 buerit.
287 2350 346 2373 Cum
363 2350 434 2378 igitur
450 2357 493 2374 nec
509 2340 596 2374 indoles
621 2352 690 2375 huius
714 2352 793 2380 scripti
813 2358 857 2374 nec
874 2354 942 2374 testes
959 2351 1035 2374 idonci

188 2397 320 2426 opinionem
338 2397 454 2420 Benedicti
471 2398 557 2421 Bonelli
573 2398 677 2428 fulciant,
695 2400 738 2422 hoc
750 2399 889 2427 opusculum
906 2404 919 2420 e
930 2398 1035 2426 catalogo

188 2451 285 2473 operum
301 2446 324 2468 S.
335 2445 511 2468 Bonaventurae
527 2446 709 2474 expungendum
721 2452 772 2469 esse
783 2452 913 2469 censemus.
926 2458 957 2463 —
969 2446 1035 2475 Quod

189 2494 266 2514 autem
283 2492 363 2514 Petrus
380 2492 440 2514 loan.
457 2491 516 2514 Olivi
533 2493 562 2515 sit
577 2493 683 2516 eiusdem
700 2495 792 2521 auctor,
804 2493 826 2515 in
837 2493 916 2515 medio
927 2493 1036 2521 relinqui·
1053 2486 1055 2491 ’

189 2544 250 2561 mus.
268 2538 411 2567 Argumenta
427 2538 543 2567 quaedam
560 2539 680 2562 intrinseca
698 2540 742 2562 hoc
758 2540 857 2562 suadere
873 2542 978 2568 possent,
994 2539 1036 2561 sed

188 2590 235 2607 non
252 2584 366 2608 habemus
385 2591 428 2613 pro
447 2586 492 2607 hoc
508 2588 595 2608 certam
612 2586 704 2609 testium
724 2587 895 2614 auctoritatem,
912 2592 955 2608 nec
980 2586 1035 2609 illud

188 2631 319 2654 invenimus
331 2633 435 2654 notatum
453 2632 476 2654 in
493 2632 582 2655 erudita
599 2635 621 2655 et
637 2639 709 2662 quam
721 2634 822 2656 maxime
832 2636 940 2656 accurata
951 2633 1036 2656 disser-

189 2677 286 2706 tatione,
297 2683 368 2707 quam
386 2678 416 2700 de
427 2679 474 2701 vita
482 2681 508 2701 et
518 2679 609 2707 scriptis
621 2679 675 2702 dicti
688 2680 746 2702 Petri
760 2680 821 2702 loan.
835 2680 894 2703 Olivi
909 2680 1036 2703 luculenter

189 2724 280 2752 scripsit
291 2725 319 2747 cl.
330 2725 353 2748 P.
370 2726 506 2748 Franciscus
517 2726 583 2748 Ehrle
601 2726 623 2748 S.
640 2726 654 2748 l.
673 2726 767 2755 (Archiv
789 2726 825 2749 fiir
846 2727 968 2750 Litteratur
989 2727 1036 2749 und

189 2772 434 2801 Kirchengeschiehte,
459 2773 501 2795 Bd.
518 2773 552 2796 ΙΙΙ.
571 2779 627 2801 pag.
646 2772 767 2801 409-623).
792 2774 838 2796 Sed
860 2775 917 2796 haec
940 2774 1035 2796 omissio

189 2820 348 2847 quaestionem
365 2827 410 2843 non
433 2820 534 2849 dirimit;
551 2820 610 2842 mira
626 2823 660 2843 est
677 2820 739 2843 enim
756 2821 880 2843 multitudo
896 2820 1035 2849 scriptorum

189 2866 300 2893 praedicti
317 2867 388 2895 Olivi,
400 2870 423 2890 et
436 2867 460 2890 in
477 2867 588 2895 catalogis
598 2873 611 2889 a
623 2868 681 2890 Rev.
698 2868 722 2890 P.
739 2868 805 2890 Ehrle
821 2868 898 2896 primo
915 2867 1037 2896 publicatis

190 2911 305 2936 interdum
322 2914 421 2942 legitur:
441 2923 453 2934 α
464 2916 487 2937 et
498 2914 569 2937 multa
585 2914 628 2936 alia
645 2914 668 2936 in
680 2914 764 2937 eodem
779 2914 898 2937 volumine
909 2923 921 2935 x>
942 2915 991 2945 (cfr.
1005 2914 1035 2936 ibi

190 2966 244 2988 pag.
263 2959 307 2983 460
324 2961 412 2991 seqq),
428 2962 485 2991 quin
501 2960 646 2989 singulorum
663 2962 720 2984 tituli
737 2962 829 2985 dentur.

1155 229 1169 258 S
1187 229 1209 251 3.
1228 228 1258 251 De
1275 228 1422 258 Expositione
1439 228 1463 251 in
1480 227 1628 252 Psaltorium.

1155 274 1247 302 Incipit:
1267 274 1379 305 Quisquis
1396 275 1428 298 ad
1442 274 1535 298 divinae
1545 274 1648 305 payinae
1660 275 1781 299 lectionem
1797 276 1942 300 erudiendus

1092 320 1196 344 accedat.
1213 334 1243 337 —
1258 322 1335 344 Primo
1352 322 1481 350 impressus
1497 325 1532 345 est
1548 323 1585 345 hic
1602 322 1659 345 liber
1676 323 1699 345 in
1715 322 1815 345 editione
1831 323 1942 346 Vaticana

1094 368 1162 397 (tom.
1180 369 1194 391 l.
1212 374 1267 396 pag.
1284 368 1390 397 76-162).
1407 370 1438 392 Ex
1452 370 1553 397 praefixa
1570 370 1685 392 editorum
1706 369 1868 393 observatione
1884 371 1944 393 haec

1092 415 1280 438 transcribimus:
1301 424 1311 436 α
1323 415 1394 438 Cuius
1406 422 1476 444 porro
1491 417 1644 444 Expositionis
1655 418 1771 445 exemplar
1785 420 1859 445 vetus,
1870 424 1940 440 manu

1092 465 1210 485 exaratum
1235 464 1346 492 tanquam
1371 464 1516 491 praeclarum
1541 470 1627 486 munus
1644 464 1706 486 Sixto
1723 464 1816 493 quinto,
1838 464 1942 487 Pontifici

1093 510 1202 538 Maximo,
1213 516 1241 532 ex
1252 510 1358 532 Hetruria
1375 511 1468 533 allatum
1485 511 1508 533 in
1525 511 1678 539 typographia
1696 511 1804 534 Vaticana
1818 511 1847 534 ab
1864 518 1892 535 eo
1909 512 1945 534 in-

1092 557 1199 579 stituta...
1217 557 1303 585 placuit
1319 563 1364 579 una
1381 564 1435 580 cum
1453 558 1535 581 ceteris
1546 558 1606 581 illius
1622 558 1820 582 lucubrationibus
1836 562 1897 582 recte
1908 565 1944 582 or—

1092 605 1193 634 dineque
1205 605 1307 633 imprimi
1324 608 1393 634 atque
1405 605 1459 628 inde
1476 606 1547 628 emitti
1559 606 1589 628 ad
1604 606 1729 629 catholicae
1739 607 1852 629 Ecclesiae
1864 613 1941 630 usum.

1093 651 1131 673 Est
1147 657 1217 679 porro
1229 652 1382 679 Expositionis
1398 652 1467 674 liuius
1483 651 1541 674 liber
1557 658 1612 675 sane
1634 653 1760 682 eiusmodi,
1777 653 1868 682 qualem
1886 653 1943 676 illius

1092 700 1211 721 auctorem
1229 699 1251 721 S.
1268 699 1468 727 Bonaventuram,
1479 699 1599 722 doctorem
1617 702 1639 722 et
1650 700 1798 728 seraphicum
1816 703 1838 723 et
1855 701 1943 729 sapien-

1093 747 1138 767 tem
1156 745 1327 775 devotumque,
1349 749 1480 774 agnoscunt
1496 749 1566 776 atque
1582 747 1641 770 adeo
1658 747 1794 775 profitentur
1811 748 1942 775 gravissimi

1093 792 1150 820 viri,
1167 793 1208 822 qui
1233 792 1292 816 bene
1309 793 1411 817 sentiunt
1434 794 1541 823 illiusque
1567 800 1664 822 operum
1690 801 1733 817 usu
1758 794 1854 817 litterate
1874 795 1942 823 periti

1092 842 1167 863 sunt»
1188 842 1231 862 etc.
1244 840 1352 869 Sequitur
1364 846 1419 869 pag.
1432 840 1463 863 77
1477 841 1572 863 Summa
1585 841 1654 864 totius
1665 841 1814 869 expositionis
1824 844 1847 864 et
1858 841 1943 865 deinde

1092 887 1203 916 praefatio
1220 887 1321 910 auctoris
1341 890 1364 910 et
1379 888 1429 916 ipsa
1447 888 1571 916 Expositio.
1589 888 1637 911 l-loc
1653 888 1766 916 scriptum
1788 888 1842 911 dein
1864 889 1940 911 locum

1092 934 1173 958 habuit
1184 936 1207 958 in
1224 934 1333 958 omnibus
1345 941 1406 964 quae
1417 935 1556 958 subsecutae
1572 938 1625 958 sunt
1636 941 1734 963 operum
1751 936 1856 959 omnium
1868 936 1891 958 S.
1902 936 1943 958 Bo⁴

1092 985 1235 1005 naventurae
1251 982 1399 1005 editionibus.

1156 1030 1201 1052 Soli
1218 1029 1318 1052 editores
1335 1029 1417 1052 Veneti
1435 1030 1493 1052 hane
1510 1029 1681 1057 Expositionem
1699 1029 1803 1057 spuriam
1820 1035 1871 1052 esse
1892 1035 1943 1052 cen·

1092 1078 1200 1103 suerunt,
1217 1079 1278 1099 recte
1295 1076 1319 1098 in
1336 1077 1379 1098 hac
1394 1082 1419 1098 re
1436 1075 1577 1103 iudicantes3
1594 1075 1651 1099 dum
1667 1075 1785 1102 Oudinus,
1802 1075 1910 1098 Sbaralea
1921 1078 1943 1098 et

1092 1124 1178 1146 Bonelli
1194 1129 1246 1146 eam
1268 1123 1364 1146 minime
1382 1123 1404 1145 in
1427 1122 1525 1146 dubium
1542 1122 1698 1145 revocandam
1722 1128 1772 1145 esse
1792 1123 1941 1145 contendunt.

1091 1171 1199 1194 Attamen
1215 1173 1353 1199 argumenta
1377 1171 1518 1193 Venetorum
1540 1170 1655 1193 levissima
1674 1173 1749 1198 erant,
1772 1176 1832 1199 quae
1849 1173 1872 1193 et
1889 1169 1943 1193 Sba-

1092 1219 1153 1241 ralea
1170 1221 1192 1241 et
1208 1218 1314 1241 diffusius
1328 1218 1413 1241 Bonelli
1431 1217 1521 1247 (Prodr.
1538 1218 1582 1240 col.
1599 1217 1654 1246 630)
1673 1217 1738 1240 facile
1758 1217 1847 1240 diluere
1863 1220 1943 1245 potue-

1092 1269 1152 1289 runt.
1169 1266 1254 1288 Bonelli
1276 1268 1364 1294 autem,
1382 1268 1407 1289 ut
1430 1266 1473 1288 hoc
1489 1271 1550 1293 opus
1572 1265 1694 1293 seraphico
1715 1265 1807 1287 Doctori
1828 1265 1942 1294 vindicet,

1092 1313 1206 1342 quasdam
1218 1313 1283 1335 affert
1293 1312 1405 1340 rationes,
1417 1318 1478 1341 quae
1489 1312 1572 1335 relatae
1584 1314 1638 1335 sunt
1648 1312 1717 1334 etiam
1730 1312 1752 1334 In
1764 1311 1823 1335 libro
1839 1312 1863 1334 P.
1880 1311 1943 1335 Fide-

1091 1361 1119 1384 lis
1135 1367 1148 1383 a
1165 1361 1242 1383 Fanna
1261 1359 1328 1383 Ratio
1339 1365 1415 1383 novae
1431 1359 1574 1383 collectionis
1586 1362 1641 1387 etc.‚
1653 1365 1708 1388 pag.
1721 1360 1765 1382 180
1777 1366 1842 1389 seqq.
1854 1372 1885 1376 —
1897 1359 1942 1382 Sed

1092 1407 1154 1430 idem
1172 1407 1195 1429 P.
1206 1406 1290 1430 Fide-lis
1306 1413 1352 1429 non
1365 1409 1453 1429 tantum
1466 1407 1623 1434 peremptorie
1633 1406 1812 1434 demonstravit,
1827 1412 1887 1435 opus
1898 1407 1942 1429 hoc

1091 1460 1139 1477 non
1155 1460 1206 1477 esse
1223 1454 1245 1476 S.
1260 1454 1447 1481 Bonaventurae,
1464 1454 1506 1477 sed
1518 1454 1587 1476 etiam
1605 1460 1688 1476 verum
1700 1454 1750 1476 eius
1767 1456 1885 1476 auctorem
1898 1454 1943 1482 pri-

1092 1508 1145 1525 mus
1161 1502 1252 1525 detexit.
1277 1502 1311 1524 En
1328 1501 1399 1525 verba
1424 1502 1498 1530 ipsius
1520 1491 1547 1524 ex
1572 1502 1641 1524 citato
1666 1501 1779 1530 opusculo
1805 1501 1868 1530 (pag.
1885 1501 1940 1531 482)

1091 1550 1240 1578 transcripta:
1255 1558 1267 1570 «
1279 1550 1367 1572 Verum
1378 1549 1439 1572 enim
1456 1555 1525 1576 vero,
1541 1549 1577 1571 his
1591 1555 1638 1571 non
1650 1548 1806 1576 obstantibus,
1823 1554 1860 1571 res
1872 1548 1942 1571 modo

1092 1603 1105 1620 a
1122 1596 1189 1620 nohis
1206 1603 1251 1619 non
1274 1597 1297 1619 in
1314 1597 1412 1620 dubium
1430 1599 1539 1624 vocatur,
1556 1596 1598 1619 sed
1614 1596 1707 1625 penitus
1724 1595 1845 1618 conficitur
1862 1595 1941 1618 contra

1092 1644 1170 1673 ipsum
1188 1645 1211 1667 Ρ.
1231 1645 1330 1672 Bonelli,
1348 1644 1494 1672 Sbaraleam,
1516 1643 1654 1667 Casimirum
1671 1643 1803 1671 Oudinum‚
1825 1643 1941 1665 Romanos

1092 1692 1204 1719 editores,
1220 1694 1243 1714 et
1259 1694 1374 1720 quotquot
1399 1691 1543 1719 praedictum
1560 1697 1619 1719 opus
1644 1691 1694 1713 sive
1711 1689 1796 1718 dubie,
1813 1690 1863 1712 sive
1879 1692 1941 1712 certo

1093 1739 1115 1761 S.
1132 1738 1307 1761 Bonaventurae
1324 1738 1505 1766 adscripserunt.
1518 1737 1589 1766 igitur
1602 1737 1632 1760 ad
1645 1737 1667 1759 S.
1684 1737 1869 1759 Bonaventuram
1886 1736 1942 1759 illud

1092 1786 1221 1808 nullatenus
1237 1787 1341 1813 spectare
1359 1785 1466 1808 dicimus.
1478 1785 1558 1807 Testes
1569 1784 1661 1807 adduco
1672 1784 1764 1807 codices
1776 1783 1854 1811 plures
1863 1782 1942 1812 [etiam

1093 1835 1145 1855 ante
1162 1833 1348 1855 Bonaventuram
1366 1830 1476 1861 scriptos]
1493 1831 1535 1860 qui
1551 1837 1611 1859 opus
1628 1830 1719 1853 Doctori
1733 1832 1810 1852 nostro
1827 1832 1941 1858 perpetuo

1093 1881 1200 1902 auserunt
1216 1882 1238 1902 et
1259 1879 1362 1902 Michaeli
1380 1879 1502 1908 Meldensi,
1522 1879 1696 1907 archiepiscopo
1722 1877 1860 1906 Senonensi,
1885 1883 1941 1899 vere

1093 1929 1115 1949 et
1131 1927 1258 1949 certissime
1283 1926 1413 1949 restituunt.
1430 1927 1446 1948 li
1464 1932 1535 1954 porro
1551 1925 1644 1948 codices
1660 1931 1673 1947 a
1690 1930 1729 1947 me
1751 1924 1847 1953 inspecti
1869 1927 1892 1946 et
1908 1930 1941 1946 re-

1093 1973 1173 1996 censiti
1190 1976 1260 1996 sunt:

1157 2021 1178 2043 t.
1199 2019 1288 2043 Osconii
1303 2020 1327 2042 in
1343 2018 1445 2047 Collegio
1461 2019 1538 2046 Novo,
1555 2018 1628 2041 codex
1646 2018 1687 2045 36,
1704 2018 1728 2040 in
1746 2018 1810 2047 solio,
1828 2017 1942 2040 membra·

1092 2073 1189 2095 naceus,
1201 2067 1307 2090 soliorum
1321 2068 1328 2088 Ἰ1
1336 2067 1364 2089 413
1372 2084 1378 2094 ‚
1390 2066 1476 2089 saeculi
1487 2066 1547 2093 XlV,
1559 2066 1614 2088 olim
1625 2065 1733 2088 Willelmi
1751 2065 1844 2094 Malton,
1862 2067 1941 2093 postea

1092 2114 1200 2137 Willelmi
1218 2114 1301 2142 Ware,
1318 2113 1411 2141 Collegii
1434 2113 1491 2136 Novi
1508 2113 1632 2136 sociorum.
1653 2113 1735 2141 Incipit
1752 2112 1804 2135 solio
1825 2112 1940 2139 secundo,

1093 2161 1182 2190 absque
1198 2161 1262 2184 titulo
1280 2163 1302 2183 et
1319 2160 1413 2183 nomine
1424 2160 1537 2183 auctoris:
1557 2159 1669 2190 Quisquis
1686 2159 1718 2183 ad
1729 2158 1822 2184 divinae
1836 2159 1941 2189 paqinac

1093 2209 1215 2233 lectionem
1231 2208 1375 2232 erudiendus
1392 2207 1487 2232 accedit.
1499 2207 1546 2230 Sed
1563 2208 1599 2230 sol.
1618 2207 1643 2234 4,
1661 2207 1682 2228 in
1694 2206 1808 2234 superiori
1825 2206 1940 2234 margine,

1093 2255 1258 2285 grandioribus
1274 2256 1353 2278 litteris
1370 2258 1392 2278 et
1409 2255 1516 2278 coloratis
1537 2254 1631 2283 legitur:
1649 2253 1768 2283 Incipiunt
1782 2252 1940 2276 distinctiones

1092 2303 1204 2333 magistri
1220 2303 1341 2327 Michaelis
1358 2302 1483 2327 Meldensis
1500 2308 1572 2332 super
1590 2300 1742 2325 Psalteriam.
1761 2301 1811 2329 lpsa
1828 2306 1885 2322 vero
1902 2300 1941 2322 Ex-

1092 2350 1176 2379 positio
1193 2350 1323 2373 exorditur:
1334 2350 1421 2373 Beatus
1434 2348 1478 2378 vir,
1493 2348 1536 2379 qui
1550 2354 1598 2371 non
1614 2347 1678 2371 abiit.
1692 2347 1779 2375 Homo,
1792 2345 1887 2376 qnando
1897 2352 1940 2376 per

1093 2396 1313 2427 contemplationem
1329 2397 1377 2419 Deo
1388 2395 1513 2424 adhaeret,
1530 2395 1555 2418 in
1565 2394 1647 2425 patria
1658 2395 1750 2422 manet,
1766 2395 1788 2417 et
1799 2392 1894 2423 quando
1906 2399 1940 2416 co-

1093 2444 1231 2474 qitationem
1242 2450 1313 2467 suam
1330 2443 1362 2466 ad
1378 2445 1474 2467 terrena
1485 2442 1568 2472 flectit,
1585 2448 1601 2465 a
1613 2441 1697 2471 patria
1714 2440 1739 2463 in
1751 2439 1852 2464 exilium
1868 2439 1939 2462 vadit.

1092 2492 1199 2515 Pluribus
1216 2492 1238 2514 in
1250 2491 1306 2514 locis
1323 2491 1456 2513 detruncata
1474 2492 1496 2512 et
1511 2489 1605 2512 brevior
1621 2494 1693 2517 quam
1704 2487 1765 2510 edita
1782 2486 1827 2510 sub
1847 2487 1940 2509 nomine

1092 2541 1116 2562 S.
1133 2539 1308 2561 Bonaventurae
1319 2540 1428 2566 apparet,
1445 2536 1486 2559 sed
1503 2542 1556 2559 cum
1576 2542 1603 2558 ea
1620 2535 1715 2558 omnino
1732 2534 1840 2557 convenit
1853 2537 1876 2556 et
1892 2534 1940 2561 plu-

1092 2587 1163 2610 rimas
1179 2585 1249 2608 habet
1270 2585 1387 2607 variantes
1409 2584 1524 2607 lectiones.
1546 2583 1633 2605 Desinit
1651 2583 1688 2604 t‘ol.
1705 2582 1765 2604 4¹12:
1787 2581 1842 2611 finis
1859 2580 1940 2604 omnia

1093 2632 1223 2661 concludit,
1241 2631 1322 2655 omnia
1339 2631 1413 2659 locat,
1431 2630 1512 2654 omnia
1522 2629 1620 2660 perficit.
1638 2628 1696 2652 Sola
1707 2627 1770 2651 enim
1784 2633 1940 2657 perseveran-

1093 2680 1127 2715 tia
1143 2678 1230 2709 accipit
1246 2678 1363 2702 bravium.
1380 2678 1438 2700 Dein
1454 2684 1467 2700 a
1482 2677 1557 2705 prima
1575 2682 1657 2698 manu:

1218 2758 1302 2780 Doctor
1319 2755 1452 2782 Meldensis,
1470 2754 1563 2777 Michaei
1580 2754 1671 2776 Praesul
1690 2753 1838 2780 Senonensis,

1218 2797 1259 2819 Hic
1276 2796 1336 2818 bene
1352 2795 1496 2817 Psalmorum
1513 2793 1618 2821 polixena
1636 2792 1707 2815 verba
1724 2792 1814 2815 locavit.

1156 2868 1177 2890 2.
1196 2866 1298 2890 Londini
1313 2866 1336 2888 in
1352 2866 1445 2888 Musaeo
1456 2864 1597 2892 Britannico,
1610 2869 1664 2886 mss.
1677 2863 1729 2885 cod.
1741 2863 1819 2890 regiae
1830 2862 1940 2884 collectio-

1093 2914 1140 2942 nis,
1158 2914 1262 2941 signatus
1278 2913 1311 2935 ΙΙΙ.
1328 2912 1355 2934 Α.
1371 2912 1396 2940 6,
1414 2910 1544 2933 membran.
1570 2910 1592 2932 in
1611 2909 1643 2938 15⁰,
1662 2909 1734 2932 folior.
1753 2909 1809 2936 406,
1827 2908 1887 2931 binis
1904 2914 1940 2931 co-

1093 2960 1179 2983 lumnis
1196 2959 1288 2982 saeculo
1300 2959 1347 2981 Xlll
1359 2958 1453 2981 ineunte
1466 2960 1578 2980 exaratus.
1594 2956 1655 2979 Folio
1672 2956 1748 2984 primo
1764 2958 1840 2983 recto,
1857 2955 1899 2978 col.
1918 2955 1939 2982 t,
